3517 5325
322 461 363 525 aa
653 455 789 523 canu.
814 453 905 521 rao
936 452 975 519 r.
999 449 1197 537 nuruum

323 630 352 694 ei
381 630 514 694 deberes
539 625 723 705 concedere,
750 624 876 713 quicum
905 632 939 690 te
964 632 1023 689 aut
1044 620 1191 687 voluntas
1217 628 1444 706 congregasset
1466 625 1529 684 aut

323 728 451 792 fortuna
474 725 701 811 conjunxisset.
747 726 801 789 Ad
816 722 1028 788 vadimonium
1050 744 1115 785 non
1129 720 1225 784 venit.
1271 718 1372 798 Quis?
1417 719 1452 782 ls
1471 719 1529 803 qui

324 826 383 889 tibi
409 832 535 909 praesto
559 844 683 909 semper
705 822 777 886 fuit.
822 822 912 907 Ergo
934 821 967 883 in
989 841 1071 897 eum,
1088 818 1143 903 qui
1168 816 1265 881 semel
1284 817 1346 879 hoc
1365 816 1528 880 commisit

325 930 362 986 ut
377 922 436 985 tibi
451 928 578 1007 praesto
594 943 658 983 non
673 926 768 995 esset,
788 916 973 982 omnia‘tela
988 915 1162 1000 conjecisti,
1178 936 1258 999 quae
1272 921 1388 998 parata
1401 924 1478 977 sunt
1493 913 1527 975 in

326 1042 381 1083 eos
402 1020 454 1103 qui
474 1016 632 1103 permulta
652 1018 734 1079 male
757 1014 872 1101 agendi
895 1036 1007 1078 caussa
1029 1012 1259 1095 fraudandique
1279 1011 1445 1074 fecerunt!
1491 1009 1529 1073 Si

326 1114 503 1201 dupondius
524 1122 601 1178 tuus
629 1120 786 1197 ageretur,
816 1110 890 1175 Sex.
915 1110 1024 1187 Naevi,
1051 1109 1079 1171 si
1102 1108 1135 1170 in
1158 1107 1289 1192 parvula
1310 1130 1345 1171 re
1369 1106 1528 1191 captionis

325 1213 442 1299 aliquid
458 1232 608 1290 vererere,
625 1232 688 1273 non
711 1209 823 1273 statim
837 1209 878 1272 ad
894 1208 930 1272 0.
948 1206 1124 1291 Aquillium
1137 1213 1195 1268 aut
1209 1205 1251 1267 ad
1266 1226 1375 1268 eorum
1389 1204 1529 1289 aliquem

326 1311 380 1395 qui
409 1309 617 1374 consuluntur
645 1306 879 1371 concurrisses?
925 1304 1031 1384 Quum
1063 1304 1117 1386 jus
1145 1301 1313 1378 amicitiae,
1348 1301 1525 1377 societatis,

325 1407 488 1471 affinitatis
517 1412 688 1491 ageretur:
722 1426 819 1489 quum
848 1402 943 1466 officii
971 1401 1129 1465 rationem
1154 1408 1252 1485 atque
1281 1398 1529 1462 existimationis

326 1504 398 1567 duci
418 1503 622 1575 conveniret:
647 1523 685 1563 eo
709 1508 852 1586 tempore
869 1506 907 1564 tu
927 1521 990 1561 non
1005 1498 1099 1560 modo
1114 1498 1156 1560 ad
1171 1498 1207 1562 Ο.
1225 1495 1400 1581 Aquillium
1413 1505 1471 1559 aut
1487 1496 1527 1560 L.

328 1600 493 1675 Lucilium,
524 1599 581 1661 sed
609 1620 649 1660 ne
675 1598 742 1681 ipse
765 1598 895 1681 quidem
918 1596 960 1659 ad
985 1602 1019 1659 te
1042 1594 1215 1667 rettulisti;
1240 1616 1280 1657 ne
1302 1594 1380 1656 haec
1399 1593 1528 1678 quidem

325 1709 433 1760 tecum
452 1696 577 1758 locutus
592 1696 645 1756 est
691 1693 801 1756 Horae
822 1694 903 1756 duae
917 1693 1068 1762 fuerunt:
1094 1690 1245 1771 Quintius
1259 1692 1300 1753 ad
1314 1690 1528 1754 vadimonium

326 1814 390 1855 non
399 1791 495 1854 venit.
535 1790 618 1870 Quid
630 1790 711 1873 agol
756 1790 789 1853 si
801 1789 980 1853 mehercule
991 1788 1070 1852 haec
1081 1794 1189 1851 tecum
1201 1788 1263 1849 duo
1272 1789 1369 1851 verba
1376 1788 1505 1851 fecisses
1516 1811 1524 1849 :

328 1889 411 1969 Quid
434 1888 517 1971 agol
540 1886 728 1969 respirasset
743 1886 902 1970 cupiditas
915 1894 1013 1969 atque
1036 1884 1170 1948 avaritia
1191 1884 1384 1968 paullulum:
1408 1884 1528 1968 aliquid

327 1985 389 2048 loci
417 1983 532 2047 rationi
561 1992 596 2047 et
625 1982 754 2046 consilio
784 1983 944 2047 dedisses:
969 1990 1006 2046 tu
1026 1989 1060 2046 te
1084 1982 1286 2067 collegisses:
1311 2003 1374 2043 non
1400 1982 1433 2043 in
1456 2002 1528 2044 eam

326 2081 555 2167 turpitudinem
566 2080 705 2143 venisses
716 2087 752 2144 ut
767 2080 827 2143 hoc
843 2080 901 2143 tibi
916 2088 1002 2143 esset
1013 2080 1097 2163 apud
1113 2078 1194 2143 tales
1205 2080 1290 2142 viros
1300 2078 1525 2157 confitendum,

327 2202 390 2264 qua
417 2178 477 2242 tibi
500 2178 713 2241 vadimonium
742 2199 805 2240 non
834 2177 878 2241 sit
907 2176 1038 2253 obitum,
1067 2177 1177 2240 eadem
1198 2183 1232 2240 te
1254 2177 1333 2240 hora
1362 2176 1529 2240 consilium

327 2276 447 2363 cepisse
462 2275 596 2338 hominis
611 2274 778 2360 propinqui
789 2274 935 2339 fortunas
950 2273 1094 2337 funditus
1108 2280 1262 2339 evertere.
1307 2272 1431 2336 XVII.
1453 2273 1528 2357 Ego

326 2396 384 2459 pro
400 2382 433 2438 te
447 2395 531 2437 nunc
544 2374 604 2437 hos
619 2372 756 2451 consulo,
774 2378 849 2457 post
864 2380 991 2455 tempus
1007 2378 1041 2435 et
1056 2370 1089 2432 in
1103 2371 1262 2447 alienare,
1280 2371 1429 2456 quoniam
1443 2377 1480 2435 tu
1494 2370 1529 2433 in

327 2484 383 2535 tua
398 2493 431 2535 re
454 2493 551 2556 quum
566 2477 693 2555 tempus
707 2476 777 2533 erat
793 2469 956 2532 consulere
979 2467 1097 2531 oblitus
1120 2490 1165 2531 ea.
1211 2468 1336 2548 Quaero
1351 2468 1409 2531 abs
1428 2475 1471 2540 te,
1489 2466 1527 2531 0,

333 2568 461 2654 Aquilli,
492 2568 529 2632 L.
558 2566 669 2646 Lucili,
698 2566 738 2630 P.
763 2565 907 2647 Quintili,
936 2565 985 2629 M.
1013 2564 1188 2639 Marcelle;
1213 2564 1426 2629 vadimonium
1450 2563 1540 2627 mihi-

327 2741 462 2798 atste;snd
470 2739 587 2802 probably
594 2738 730 2802 purposely.
764 2737 912 2787 Cicerocslls
944 2737 1055 2786 omitted.
1078 2735 1190 2785 SeeVol.
1209 2736 1231 2784 1.
1264 2735 1386 2785 Excursus
1402 2751 1435 2784 on
1453 2737 1529 2786 ‘Non

327 2807 355 2854 P.
368 2807 481 2858 erintim
496 2803 606 2863 ‘socius’
620 2804 646 2852 in
662 2803 732 2852 order
742 2806 768 2850 to
784 2818 827 2850 use
844 2804 864 2851 it
875 2803 913 2850 for
944 2802 1034 2850 modo.’

327 2869 366 2917 his
376 2875 502 2932 argument
513 2870 578 2916 here.
976 2864 1297 2928 Thispssssgestsndsthus
1308 2865 1333 2911 in
1344 2864 1434 2913 Orelli:
1453 2868 1529 2911 “non

362 2935 391 2981 δι’
410 2934 548 2996 dupundius
570 2931 638 2994 tuus]
672 2931 731 2979 This
753 2930 774 2978 is
795 2931 838 2978 the
857 2934 912 2978 true
944 2930 1016 2977 modo
1027 2944 1077 2976 non
1087 2930 1117 2976 sd
1129 2929 1156 2977 C.
1169 2929 1302 2990 Aquillium
1313 2934 1357 2976 sut
1371 2929 1402 2976 ad
1413 2929 1442 2976 L.
1454 2928 1528 2976 Luci-

328 2999 432 3060 reading.
466 2998 519 3044 The
530 2997 569 3044 old
580 2995 680 3056 reading
689 3010 737 3042 was
755 2999 762 3022 ‘
770 2995 791 3042 si
801 2995 831 3042 de
842 3010 911 3056 prse-
944 2995 1004 3041 lium
1015 2993 1137 3048 rettulisti,
1148 2993 1192 3040 sed
1207 3008 1239 3040 ne
1252 2994 1304 3055 ipse
1318 2994 1413 3055 quidem
1429 2998 1455 3040 te
1469 3008 1528 3039 con-

328 3062 373 3109 diis
392 3061 456 3109 tuis!
491 3060 517 3108 Ii
531 3075 547 3106 a
565 3059 733 3121 'dupondius'
752 3073 767 3104 a
784 3059 869 3119 couple
886 3058 916 3104 of
944 3057 1071 3114 suluisti;’'
1095 3057 1174 3104 which
1192 3057 1291 3118 reading
1311 3059 1332 3104 is
1350 3056 1447 3105 derived
1465 3057 1528 3104 hom

327 3141 389 3181 uses,
400 3140 462 3172 were
481 3125 507 3171 in
524 3124 621 3184 danger,
639 3120 744 3168 Naevius
757 3122 835 3169 would
851 3122 912 3168 have
944 3121 1059 3183 Peyron's
1075 3121 1152 3169 'turin
1168 3121 1318 3207 Palimpsest,
1335 3122 1383 3168 and
1393 3122 1414 3168 is
1424 3121 1529 3184 perhaps

327 3187 576 3311 :eruum
587 3185 912 3311 :urrunnun
942 3185 1530 3307 :esurus

328 3316 400 3362 tionis
411 3312 515 3376 aliquid’
533 3313 553 3360 is
564 3328 610 3374 any
622 3313 677 3369 loss,
689 3314 825 3375 smeaning
833 3313 911 3360 which
942 3314 963 3361 it
978 3315 1067 3375 isvery
1081 3314 1185 3375 posu'ble
1201 3313 1254 3361 that
1272 3314 1440 3362 ‘consuluisti’
1457 3314 1479 3361 is
1497 3329 1529 3360 an

328 3393 406 3425 seems
421 3381 448 3424 to
459 3377 489 3424 te
500 3377 629 3424 connected
641 3376 697 3423 with
712 3377 754 3424 the
766 3377 876 3438 meaning
886 3376 914 3424 ol
943 3379 1125 3439 interpretation
1136 3379 1165 3424 oi
1178 3378 1322 3435 ‘rettulisti,'
1333 3394 1360 3425 as
1371 3379 1461 3427 Gruter
1471 3393 1529 3439 sup·

330 3441 443 3503 ‘captus’
471 3441 498 3488 in
519 3441 578 3488 such
597 3441 746 3502 expressions
768 3456 794 3488 es
816 3446 911 3489 ‘ments
943 3441 1031 3504 posed;
1048 3443 1096 3488 and
1107 3442 1149 3489 the
1158 3441 1236 3489 words
1259 3443 1359 3490 ‘sedne
1369 3442 1421 3504 ipse
1431 3442 1530 3504 quidem

329 3503 430 3568 captus!
943 3512 969 3553 te
991 3505 1141 3554 consuluisti'
1163 3521 1204 3553 ars
1225 3511 1269 3553 not
1292 3507 1318 3554 in
1336 3507 1370 3554 all
1391 3507 1433 3554 the
1455 3506 1530 3554 MSS.

362 3571 393 3616 J..
404 3567 541 3632 Mecilium]
577 3567 652 3616 Orelli
663 3569 707 3616 has
720 3568 910 3617 ‘L.Lucilium.'
945 3571 1026 3618 Klotz.
1038 3571 1112 3617 inhia
1124 3570 1220 3618 Prefucs
1237 3569 1272 3633 (p.
1285 3571 1456 3635 60)contends
1474 3571 1531 3617 that

328 3633 382 3680 'I'he
398 3647 468 3680 name
483 3634 505 3680 is
520 3631 549 3680 L.
567 3633 694 3680 Lucullum
711 3633 736 3680 in
753 3648 819 3681 some
836 3633 910 3681 Mss,
941 3634 984 3682 the
991 3634 1240 3697 Palimpsestisright,
1248 3635 1374 3682 that‘non
1381 3636 1452 3683 modo
1462 3633 1529 3681 norr'

329 3698 377 3745 and
385 3697 496 3744 editions.
529 3696 635 3744 Lucilius
646 3711 719 3744 wass
726 3697 911 3758 jurisconsultus
941 3699 1076 3746 isthetrue
1087 3699 1199 3760 reading:
1215 3701 1412 3762 ssappropriste‚
1424 3699 1455 3747 he
1465 3713 1529 3759 says,

328 3762 376 3809 sud
395 3777 442 3809 one
458 3761 486 3808 ol
501 3761 543 3809 the
559 3761 705 3809 teachersof
720 3761 770 3810 Ser.
783 3761 910 3824 Sulpicius.
942 3779 969 3811 aa
987 3763 1025 3810 his
1044 3779 1099 3811 own
1117 3763 1222 3825 reading,
1252 3765 1340 3810 ‘vitam
1362 3779 1457 3826 quoque
1478 3777 1530 3810 non

329 3827 358 3874 L.
371 3826 486 3875 Lucullus
498 3841 544 3872 was
555 3829 624 3873 nota
637 3826 830 3887 jurisconsultus.
863 3826 911 3875 We
942 3828 1094 3889 turpem,'in
1105 3828 1324 3890 anotherpassage.

329 3906 383 3954 may
394 3891 456 3938 inser
474 3891 534 3938 from
547 3889 630 3938 Cicero
648 3889 758 3953 (Brutus,
770 3905 791 3938 c.
802 3891 845 3954 42)
858 3891 912 3939 that
980 3892 1046 3948 Quid
1056 3906 1101 3952 apo
1109 3891 1134 3952 l]
1169 3891 1449 3955 Afamiliarexpresdon
1458 3891 1530 3938 when

329 3955 435 4003 Lucilius
443 3956 464 4002 is
475 3955 517 4002 the
534 3959 588 4002 true
606 3970 685 4012 name,
699 3955 736 4002 lor
750 3955 781 4003 he
791 3956 912 4003 mentium
944 3971 959 4002 a
969 3971 1027 4002 man
1037 3956 1092 4002 aska
1103 3956 1140 4002 ior
1150 3955 1240 4013 addua,
1251 3971 1279 4004 or
1289 3971 1316 4003 ss
1326 3957 1352 4004 in
1362 3957 1412 4004 this
1422 3970 1529 4018 pmgs,

328 4019 435 4067 Lucilius
441 4019 488 4066 and
496 4019 579 4068 Gallus
585 4021 710 4080 together:
729 4023 744 4047 ‘⁶
753 4035 855 4082 cumque
863 4019 912 4066 dis·
944 4020 1014 4066 when
1025 4020 1056 4066 he
1067 4019 1217 4067 deliberates.
1251 4025 1267 4047 ‘⁴
1274 4021 1368 4068 tudens
1379 4036 1428 4082 quo
1438 4021 1465 4067 in
1476 4019 1530 4067 loco

328 4084 398 4131 cendi
417 4099 500 4131 caussa
527 4084 621 4131 duobus
643 4084 791 4144 peritissimis
813 4098 911 4144 operam
944 4083 1040 4140 ressit3
1063 4084 1197 4145 quidsgo?
1221 4085 1267 4142 dic,
1281 4083 1384 4146 Hegio''
1403 4084 1529 4148 (Terence,

328 4147 439 4204 dedisset,
458 4148 486 4194 L.
507 4148 599 4196 Lucilio
616 4148 693 4195 Balbo
709 4152 735 4194 et
756 4147 784 4195 C.
806 4147 913 4208 Aquillio
947 4147 1043 4194 Phorm.
1055 4147 1112 4196 itt.
1124 4148 1160 4211 6).

329 4211 425 4258 Gallo.’'
459 4211 534 4258 Orelli
546 4212 664 4258 hss‘non
675 4211 747 4258 modo
757 4211 822 4268 non,'
834 4211 913 4257 which
978 4212 1264 4274 consilium-euertere]
1298 4213 1359 4261 This
1380 4212 1401 4260 is
1422 4217 1467 4260 not
1487 4212 1530 4260 the

328 4273 695 4336 islollowedby‘nequidem.’
731 4275 813 4322 Keller
823 4275 913 4334 rightly
945 4275 1001 4337 only
1012 4276 1121 4324 instance
1138 4277 1164 4324 in
1179 4277 1264 4324 Cicero
1275 4277 1303 4324 of
1318 4283 1325 4305 ‘
1332 4276 1530 4325 consilium’fol·

329 4336 440 4382 observes
451 4337 504 4382 that
516 4337 588 4394 Beck,
597 4339 651 4386 who
662 4339 741 4386 sdited
754 4345 816 4385 ‘non
824 4338 911 4384 modo’
944 4339 1021 4388 lowed
1043 4339 1075 4402 by
1090 4357 1122 4388 an
1138 4341 1264 4390 intinitive.
1298 4341 1425 4390 normann
1443 4346 1530 4404 quotes

328 4400 431 4446 without
447 4400 489 4446 the
508 4402 591 4456 ‘nom'
610 4417 657 4449 was
674 4403 804 4465 supported
820 4403 852 4464 by
869 4403 912 4450 the
944 4409 991 4451 two
1002 4405 1072 4452 other
1082 4406 1211 4467 exemplos.

329 4478 402 4523 usage
420 4463 448 4509 of
468 4463 510 4510 the
537 4465 608 4512 Latin
630 4467 721 4514 writers
747 4467 829 4514 rather
851 4467 912 4515 than
978 4470 1197 4524 lacrumarum
1212 4471 1346 4532 morire]
1380 4467 1533 4517 'lhisussof

329 4527 415 4589 hythe
430 4525 504 4576 MSS.
537 4527 588 4576 But
602 4529 644 4576 the
661 4528 739 4578 ‘non'
756 4531 912 4592 oughttobc
944 4531 1036 4581 ‘obus’
1051 4533 1530 4596 islikemmyoctermterethmu·
