3517 5325
324 471 364 539 78
635 471 771 537 ORAT.
794 468 886 534 PRO
918 468 1023 537 SEX.
1047 470 1213 537 Rosolo

321 645 419 723 ermis
444 643 515 729 plus
540 663 636 727 quam
662 649 788 706 ceteras
809 641 964 718 nationes,
989 663 1099 706 verum
1124 641 1220 706 etiam
1246 642 1378 707 consilio
1403 641 1528 728 sapien·

322 743 430 827 tieque
444 740 606 826 potuisse;
631 747 702 804 tum
715 762 757 804 ex
771 740 831 804 hac
853 763 888 803 re
910 740 960 804 vel
983 740 1130 816 maxime,
1147 741 1232 826 quod
1247 741 1278 804 in
1294 739 1406 826 impios
1421 742 1529 827 singu-

321 841 389 904 lare
403 838 591 924 supplicium
604 837 803 902 invenerunt.
848 839 919 918 Qua
934 837 966 900 in
987 859 1022 900 re
1042 845 1196 922 quantum
1212 838 1381 924 prudentia
1395 839 1529 923 praesti-

322 938 422 1003 terint
436 937 476 1000 iis
491 936 544 1021 qui
556 936 643 1020 apud
658 943 784 1000 ceteros
802 935 1029 1020 sapientissimi
1043 935 1140 1000 fuisse
1155 935 1305 1000 dicuntur
1318 937 1527 1002 considerate.

324 1034 579 1100 Prudentissima
592 1033 705 1098 civitas
720 1033 967 1098 Atheniensium
982 1033 1057 1097 dum
1072 1054 1110 1096 ee
1127 1055 1233 1097 rerum
1247 1033 1352 1118 potita
1366 1041 1417 1100 est
1430 1035 1528 1100 luisse

322 1134 469 1199 traditur.
530 1132 612 1216 Ejus
640 1153 734 1217 porro
763 1131 905 1195 civitatis
942 1129 1210 1215 sapientissimum
1240 1131 1388 1196 Solonem
1418 1133 1529 1198 dicunt

322 1232 428 1311 fuisse,
445 1252 518 1295 eum
537 1231 591 1316 qui
611 1230 699 1314 leges
721 1229 836 1314 quibus
858 1228 953 1292 hodie
976 1249 1100 1314 quoque
1121 1235 1257 1294 utuntur
1273 1231 1447 1316 scripserit.
1494 1231 1528 1296 Is

322 1352 420 1416 quum
433 1329 685 1413 interrogaretur
699 1349 755 1390 cur
768 1325 891 1389 uullum
904 1325 1090 1412 supplicium
1105 1327 1325 1392 constituisset
1340 1327 1372 1391 in
1387 1349 1460 1392 eum
1474 1327 1528 1414 qui

320 1436 487 1515 parentem
511 1432 664 1501 necasset,
693 1423 857 1510 respondit
885 1445 921 1488 se
948 1423 982 1488 id
1009 1424 1168 1490 neminem
1196 1425 1356 1490 facturum
1385 1433 1526 1511 putasse.

323 1526 492 1612 Sapienter
513 1525 627 1590 fecisse
656 1523 776 1587 dicitur
801 1544 899 1607 quum
922 1523 963 1586 de
989 1543 1027 1586 eo
1057 1523 1136 1586 nihil
1156 1523 1298 1588 sanxerit
1322 1524 1408 1608 quod
1433 1531 1529 1588 antea

322 1625 526 1689 commissum
540 1645 604 1687 nou
618 1629 698 1698 erat,
715 1643 756 1684 ue
779 1642 843 1684 nou
862 1628 932 1684 tam
954 1621 1122 1705 prohibere
1145 1643 1240 1706 quum
1261 1622 1430 1685 &mouere
1444 1622 1528 1686 vide-

322 1730 421 1787 retur.
466 1722 594 1801 Quanto
617 1720 755 1782 ma'ores
777 1717 880 1782 nostri
904 1717 1089 1801 sapientius,
1114 1719 1168 1803 qui
1192 1741 1289 1804 quum
1314 1719 1528 1806 intelligerent

322 1819 400 1881 nihil
414 1839 485 1891 esse
499 1825 568 1881 tam
588 1837 665 1880 sanc
682 1837 736 1879 um
759 1815 845 1899 quod
865 1835 930 1876 non
951 1815 1120 1900 aliquando
1142 1815 1275 1882 violaret
1294 1817 1437 1894 audacia,
1454 1839 1528 1903 sup-

322 1915 450 2000 plicium
464 1914 497 1976 in
511 1911 685 1998 parricidas
699 1909 860 1996 singulare
873 1910 1136 1994 excogitaverunt
1148 1937 1157 1986 ;
1181 1920 1220 1977 ut
1234 1935 1314 1998 quos
1328 1921 1444 1978 natura
1458 1915 1528 2000 ipsa

321 2012 460 2076 retinere
481 2011 515 2074 in
538 2009 641 2074 officio
665 2031 729 2072 non
751 2008 921 2094 potuisset,
946 2007 967 2070 ii
988 2008 1206 2093 magnitudine
1228 2033 1349 2097 poenae
1374 2013 1528 2078 maleficio

322 2114 604 2172 summovereutur.
650 2105 740 2170 Insui
753 2106 920 2169 voluerunt
934 2104 967 2167 in
991 2105 1113 2170 cirleum
1133 2107 1220 2171 vivos
1239 2116 1336 2194 atque
1356 2110 1389 2174 in
1411 2111 1528 2174 flumen

322 2206 427 2290 dejici.
474 2203 614 2268 XXVI.
640 2203 875 2289 Osingularem
891 2201 1088 2287 sapientiam,
1101 2203 1244 2287 judices!
1293 2207 1407 2272 Nonne
1421 2208 1529 2272 videu-

321 2313 377 2369 tur
391 2305 474 2367 huuc
496 2301 656 2366 homiuem
678 2323 720 2366 ex
741 2323 846 2364 rerum
866 2309 983 2364 natura
1002 2301 1169 2366 sustulisse
1188 2309 1222 2366 et
1237 2303 1396 2388 eripuisse,
1413 2306 1464 2368 cui
1479 2329 1528 2370 re-

321 2409 417 2487 pente
443 2402 574 2474 caelum,
598 2399 707 2476 solem,
732 2421 848 2484 aquam
873 2405 1053 2483 terramque
1081 2399 1281 2474 ademerint;
1315 2407 1353 2464 ut
1378 2403 1529 2486 quicum

321 2506 469 2564 necasset
481 2498 566 2562 uude
580 2497 649 2586 ipse
663 2503 759 2562 natus
773 2502 868 2573 esset,
885 2505 1009 2560 careret
1022 2495 1062 2560 iis
1077 2497 1172 2561 rebus
1192 2497 1337 2562 omuibus
1359 2519 1399 2562 ex
1413 2498 1529 2584 quibus

321 2598 428 2664 omnia
452 2604 530 2662 nata
553 2617 623 2659 esse
652 2594 820 2658 dicuutur!
875 2592 1054 2658 Noluerunt
1076 2594 1151 2658 ieris
1174 2615 1290 2681 corpus
1313 2594 1459 2680 objicere,
1487 2619 1539 2673 ne,

321 2696 433 2761 hestiis
447 2716 580 2781 quoque,
596 2715 677 2779 quae
691 2700 819 2757 tautum
832 2691 937 2756 scelus
959 2692 1154 2778 attigissent,
1170 2692 1408 2757 immanioribus
1422 2703 1527 2761 utere·

322 2816 414 2869 mur3
438 2816 503 2858 nou
523 2794 569 2856 sic
591 2792 695 2856 nudos
713 2791 747 2854 iu
768 2790 886 2855 flumen
906 2790 1050 2874 dejicere,
1069 2812 1110 2855 ue
1133 2812 1230 2876 quum
1253 2790 1350 2856 delati
1370 2801 1478 2857 essent
1494 2793 1527 2857 in

324 2912 412 2954 mare
425 2890 527 2975 ipsum
539 2888 724 2973 polluerent,
736 2910 799 2975 quo
811 2896 919 2953 cetera
930 2910 1010 2973 quae
1021 2888 1137 2954 violata
1147 2896 1221 2953 sunt
1232 2887 1353 2975 expiari
1364 2897 1527 2975 putantur.

326 2987 471 3073 Denique
484 2987 562 3051 nihil
585 2994 652 3051 mm
673 2987 734 3051 vile
756 3008 859 3071 neque
881 2993 949 3051 tam
967 2986 1095 3071 vulgare
1115 2994 1165 3051 est
1185 2988 1275 3072 cujus
1294 2994 1418 3072 purtem
1432 2988 1528 3052 ullam

324 3086 517 3171 reliquerint.
562 3083 692 3149 Etenim
715 3083 790 3168 quid
813 3094 881 3147 tam
904 3090 954 3147 est
980 3104 1145 3147 commuue
1170 3105 1264 3169 quem
1286 3084 1418 3170 spiritus
1439 3084 1526 3163 vivis,

325 3191 412 3246 terra
425 3182 569 3260 mortuis,
590 3204 678 3245 mare
698 3180 936 3259 fluctuantibus,
952 3180 1045 3244 littus
1066 3180 1199 3265 ejectis?
1245 3181 1299 3245 Ita
1319 3182 1430 3247 nsunt
1451 3183 1528 3247 dum

357 3343 398 3388 st.
416 3339 541 3401 Solem]
575 3339 697 3400 Diogenes
725 3326 835 3385 Inertius
865 3336 910 3384 hes
944 3336 983 3384 lle
994 3337 1072 3384 would
1082 3336 1142 3384 have
1153 3336 1251 3385 become
1261 3338 1397 3387 ridiculous.

324 3404 367 3451 the
377 3418 442 3451 nme
452 3409 518 3464 story
528 3402 557 3450 of
564 3402 606 3450 the
616 3403 727 3465 question
737 3406 816 3463 putto
827 3402 910 3459 Solon,
975 3402 1015 3450 w.
1033 3416 1080 3449 nou
1090 3404 1126 3449 ris
1136 3402 1225 3464 sudor]
1271 3406 1277 3431 ¹
1287 3404 1338 3450 Not
1349 3404 1426 3451 naked
1438 3404 1490 3465 just
1500 3418 1527 3453 as

324 3468 373 3515 aud
384 3468 412 3515 oi
419 3467 457 3515 his
468 3482 560 3514 ausser
571 3467 678 3531 (Solon).
943 3464 1001 3527 they
1012 3464 1069 3513 are.'

358 3546 412 3579 ean
429 3534 471 3593 qui
487 3530 729 3593 tepeo-empserit]
755 3529 911 3578 Itirouldbe
976 3530 1244 3589 Etenim—commune]
1279 3530 1362 3579 Cicero
1376 3532 1470 3593 suysol
1479 3533 1527 3581 this

323 3594 669 3716 {nstitutus
691 3601 735 3643 ¹¹⁰⁸
749 3594 854 3656 ’Μ
869 3594 912 3643 ²¹²⁹
942 3593 1148 3707 uniet
1164 3592 1528 3710 essentiatus

357 3726 488 3772 insulsum
499 3724 576 3785 mnas]
610 3724 663 3771 'lue
673 3722 713 3771 old
724 3726 912 3771 commentatore
942 3723 1059 3784 supplicio
1085 3722 1270 3784 parriddarum?
1294 3738 1355 3787 quse
1376 3740 1528 3789 nequequam

323 3788 451 3837 vondued
469 3790 524 3837 that
542 3788 626 3837 Cicero
643 3788 686 3836 has
707 3793 751 3835 not
772 3787 910 3835 mentioued
942 3788 1000 3837 satis
1025 3786 1171 3837 deferbuisse
1201 3794 1257 3849 post
1286 3788 1409 3851 aliquanto
1439 3792 1528 3839 sentire

323 3854 365 3901 the
371 3854 442 3901 other
452 3859 518 3915 purte
525 3854 555 3901 ot
562 3853 611 3901 this
622 3852 778 3915 punishment
786 3852 911 3899 whichare
942 3852 1079 3914 cocpimnnz
1092 3852 1168 3904 ‘Quid
1175 3852 1239 3899 enim
1247 3856 1297 3901 tem
1304 3854 1470 3911 communem
1482 3858 1526 3902 &u

323 3918 450 3967 contained
466 3918 493 3965 in
511 3919 554 3965 the
569 3924 667 3980 excerpt
676 3918 739 3965 from
755 3917 908 3965 Modestinus
942 3917 982 3964 lle
992 3916 1051 3964 adds
1061 3931 1119 3978 very
1127 3916 1203 3978 justly
1213 3916 1240 3964 oi
1248 3917 1296 3965 this
1307 3934 1420 3981 passage:
1439 3920 1528 3967 “Sunt

324 3981 356 4046 (c.
370 3982 421 4045 ΙΙ),
432 3983 475 4030 the
484 3982 598 4045 floggiug,
613 3982 662 4030 and
678 3983 720 4029 the
736 3982 838 4029 minaals
854 3981 909 4029 that
941 3981 1004 4029 euim
1016 3982 1097 4029 ornuia
1104 3981 1166 4029 siunt
1176 3981 1332 4031 adolescmtis
1343 3998 1392 4031 nou
1403 3988 1453 4031 tam
1464 3999 1490 4031 re
1501 3988 1527 4031 et

322 4062 385 4095 sere
403 4053 449 4110 put
467 4048 494 4095 iu
512 4048 555 4095 the
574 4047 630 4095 sack
648 4047 708 4095 with
724 4046 767 4095 the
783 4045 906 4103 uimiual3
940 4046 1079 4095 maturitate
1096 4060 1169 4109 quem
1187 4060 1231 4109 spe
1249 4052 1274 4095 et
1292 4048 1456 4111 expectatione
1473 4049 1526 4096 lau-

321 4112 370 4159 aud
386 4113 481 4160 mrious
498 4112 648 4160 conclusione
664 4112 725 4159 haee
746 4111 808 4159 been
826 4110 909 4157 drawn
941 4108 1022 4158 data.”

252 4196 257 4205 ’
322 4176 572 4225 hemthisomisaiou.
605 4174 909 4231 Oneoouclusiouis,thet
973 4173 1109 4236 comm]
1144 4174 1203 4223 This
1222 4176 1287 4223 word
1308 4176 1352 4224 hes
1372 4190 1387 4223 a
1407 4175 1527 4223 technical

322 4240 364 4287 the
374 4242 443 4288 other
533 4241 561 4289 os
576 4240 620 4289 the
636 4241 793 4303 punishment
807 4239 849 4287 did
864 4244 909 4287 not
941 4239 1060 4301 meaning.
1094 4240 1152 4288 “Bt
1169 4240 1264 4303 quidem
1276 4240 1378 4287 naturali
1391 4239 1446 4299 jure
1460 4254 1526 4287 com·

321 4304 385 4351 exist
405 4305 431 4352 in
471 4308 554 4355 iosro's
575 4305 642 4353 time.
685 4305 736 4353 But
757 4304 841 4352 Cicero
862 4304 907 4352 has
939 4304 1021 4351 munia
1039 4308 1097 4352 sunt
1114 4304 1223 4353 omniurn
1240 4305 1312 4352 haec:
1329 4318 1377 4358 aer,
1392 4318 1455 4364 aqua
1468 4319 1525 4365 pro·

321 4366 436 4415 laboured
452 4370 495 4416 the
515 4370 585 4431 thing
602 4369 714 4431 enough3
731 4368 821 4417 andhe
836 4368 907 4416 knew
939 4368 1024 4425 fluens,
1044 4374 1070 4417 et
1088 4384 1161 4427 merc,
1180 4374 1205 4417 et
1220 4382 1263 4430 per
1279 4368 1325 4415 hoc
1343 4367 1413 4413 litore
1430 4366 1524 4416 maris”

322 4431 383 4478 that
417 4432 443 4479 Π
459 4433 658 4481 hehadworlred
674 4439 718 4483 out
730 4434 773 4481 the
788 4433 844 4493 dog,
862 4434 908 4481 the
940 4432 1041 4497 (larun.
1071 4434 1152 4481 lustit.
1174 4434 1199 4481 ii.
1225 4434 1245 4480 1.
1271 4432 1293 4487 l,
1315 4431 1363 4477 and
1386 4431 1524 4481 Schrader’s

322 4495 390 4552 unck,
406 4495 448 4543 the
458 4497 533 4557 viper,
547 4497 595 4545 and
605 4498 648 4545 the
657 4513 710 4559 ape,
724 4499 776 4558 just
786 4512 813 4546 as
824 4498 855 4545 he
865 4498 909 4545 has
941 4496 1072 4559 notes).-‘
1080 4498 1131 4545 sine
1141 4510 1225 4545 caussa
1234 4495 1361 4544 admittere
1368 4494 1384 4542 ι’
1401 4510 1441 4545 see
1449 4511 1471 4545 c.
1481 4500 1523 4555 ³0,

321 4558 908 4623 doustheresthssrouldhareraisedalaugh.
943 4560 1178 4619 ‘Sicritsest’tm
