3517 5325
323 457 387 521 324
469 451 473 460 ’
633 449 767 516 ORAT.
792 448 883 514 PRO
907 448 950 514 A.
974 444 1212 515 OLUENTIO

324 623 493 687 nummarii
505 621 638 708 judices.
683 621 792 705 Atque
807 618 851 683 illi
866 641 976 683 omnes
990 619 1059 684 sine
1072 620 1137 684 ulla
1158 617 1359 683 dubitatione
1374 617 1528 682 condem-

323 728 413 785 nant.
461 719 526 782 Hic
540 727 610 784 tum
624 718 761 802 injectus
775 725 826 781 est
843 717 1023 780 hominibus
1037 717 1212 802 scrupulus,
1238 723 1273 780 et
1293 716 1449 800 quaedam
1464 717 1527 780 du·

323 819 436 883 bitatio
466 817 616 902 quidnam
645 823 731 880 esset
759 822 878 879 actum.
923 815 1048 878 Deinde
1075 815 1220 878 homines
1241 815 1402 898 sapientes
1426 821 1527 877 etex

323 923 429 980 vetere
458 914 511 978 illa
539 913 702 999 disciplina
726 913 928 997 judiciorum,
960 912 1013 997 qui
1042 933 1144 997 neque
1173 911 1335 976 absolvere
1363 911 1527 974 bominem

321 1012 579 1077 nocentissimum
607 1018 748 1096 possent,
779 1031 882 1094 neque
905 1031 978 1072 eum
1007 1010 1047 1073 de
1076 1031 1139 1094 quo
1168 1015 1253 1073 esset
1281 1017 1353 1072 orta
1381 1008 1525 1092 suspicio

321 1109 454 1194 pecunia
482 1117 701 1194 oppugnatum
722 1130 757 1172 re
782 1108 836 1171 illa
852 1107 1016 1193 incognita
1040 1108 1142 1192 primo
1164 1107 1371 1170 condemnare
1393 1105 1521 1184 vedent,

323 1205 396 1270 Non
425 1206 543 1291 liquere
566 1206 725 1270 dixerunt.
770 1205 921 1268 Nonnulli
949 1213 1057 1269 autem
1079 1204 1180 1268 severi
1205 1205 1357 1282 homines,
1381 1203 1435 1288 qui
1459 1203 1523 1267 hoc

321 1311 512 1379 statuerunt,
537 1325 598 1389 quo
613 1303 744 1388 quisque
763 1303 868 1367 animo
891 1303 967 1388 quid
987 1303 1110 1366 faceret
1126 1301 1265 1387 spectari
1285 1307 1441 1386 oportere,
1458 1299 1523 1363 etsi

320 1401 373 1465 alii
395 1401 527 1486 pecunia
547 1408 680 1486 accepta
702 1423 809 1464 verum
825 1401 1023 1484 judicabant,
1040 1409 1148 1464 tamen
1169 1399 1267 1462 nibilo
1289 1398 1392 1462 minus
1412 1419 1448 1461 se
1468 1418 1522 1460 su·

318 1497 493 1583 perioribus
519 1498 584 1562 suis
604 1498 734 1584 judiciis
756 1507 905 1563 constare
923 1499 1081 1582 putabant
1106 1505 1272 1583 oportere:
1296 1497 1406 1581 itaque
1432 1495 1521 1558 dam-

320 1603 446 1660 nerunt.
493 1594 639 1680 Quinque
661 1596 787 1659 omnino
809 1596 947 1673 luerunt,
973 1595 1026 1680 qui
1048 1595 1135 1658 illum
1157 1602 1298 1658 vestrum
1319 1594 1521 1657 innocentem

321 1692 531 1778 Oppianicum
554 1693 620 1756 eive
643 1693 856 1777 imprudentia
881 1693 948 1756 sive
967 1693 1183 1756 misericordia
1205 1692 1270 1757 sive
1291 1691 1397 1776 aliqua
1416 1690 1521 1776 suspi-

320 1789 409 1853 cione
425 1789 490 1852 sive
504 1789 677 1853 ambitione
690 1789 820 1854 adducti
834 1789 1046 1854 absolverunt.

364 1885 583 1950 Condemnato
609 1886 793 1972 Oppianico,
819 1887 930 1953 statim
949 1886 987 1949 L.
1009 1885 1168 1967 Quintius,
1192 1887 1286 1952 homo
1305 1887 1442 1950 maxime
1462 1908 1520 1972 po-

319 1983 447 2070 pularis,
477 1982 530 2067 qui
552 2005 662 2048 omnes
687 2006 848 2048 rumorum
872 1992 907 2048 et
932 1984 1115 2048 contionum
1139 1992 1252 2049 ventos
1274 1983 1521 2069 colligerecon·

318 2089 452 2158 suesset,
485 2079 624 2143 oblatam
650 2081 710 2144 sibi
734 2081 922 2146 facultatem
939 2081 1066 2165 putavit
1086 2089 1123 2146 ut
1148 2103 1188 2145 ex
1214 2081 1331 2144 invidia
1358 2080 1522 2144 senatoria

318 2184 427 2263 posset
442 2197 593 2255 creseere,
611 2177 697 2261 quod
711 2177 781 2262 ejus
801 2178 920 2242 ordinis
930 2177 1052 2262 judicia
1065 2177 1170 2242 minus
1181 2179 1249 2262 jam
1262 2177 1389 2263 probari
1403 2177 1520 2262 populo

318 2274 545 2339 arbitrabatur.
606 2273 756 2338 Habetur
784 2297 848 2338 una
876 2283 973 2360 atque
1013 2275 1115 2340 altera
1151 2275 1258 2339 contio
1286 2275 1455 2338 vehemens
1483 2281 1522 2338 et

317 2370 442 2458 gravis:
467 2371 629 2456 accepisse
652 2371 818 2457 pecuniam
839 2373 966 2458 judices
988 2380 1025 2437 ut
1041 2373 1243 2437 innocentem
1265 2394 1353 2435 reum
1370 2372 1520 2435 condem·

317 2477 431 2535 nerent
451 2470 599 2535 tribunus
620 2470 722 2555 plebis
745 2470 952 2547 clamitabat3
977 2473 1030 2557 agi
1044 2472 1190 2534 fortunas
1211 2471 1352 2534 omnium
1367 2470 1516 2544 dicebat;

316 2568 402 2632 nulla
428 2590 498 2632 esse
517 2567 657 2652 judicia;
682 2567 736 2653 qui
759 2570 965 2653 pecuniosum
988 2569 1149 2633 inimicum
1172 2569 1306 2632 haberet
1331 2567 1520 2632 incolumem

316 2690 387 2731 esse
407 2668 571 2731 neminem·
586 2688 690 2751 posse.
736 2666 894 2732 Homines
913 2669 1016 2733 totius
1030 2667 1132 2752 ignari
1146 2666 1275 2750 negotii,
1296 2665 1350 2750 qui
1366 2665 1519 2751 Oppiani-

317 2786 390 2827 cum
415 2786 589 2849 numquam
612 2764 776 2843 vidissent,
798 2764 899 2829 virum
917 2766 1073 2851 optimum
1095 2771 1128 2828 et
1152 2764 1311 2827 hominem
1329 2763 1520 2847 pudentissi-

315 2884 402 2925 mum
428 2862 564 2947 pecunia
579 2884 765 2947 oppressum
787 2862 1028 2941 arbitrarentur,
1050 2862 1170 2926 incensi
1193 2862 1381 2947 suspicione,
1402 2883 1469 2925 rem
1484 2860 1520 2923 in

315 2959 452 3023 medium
494 2980 609 3021 vocare
644 2965 816 3043 coeperunt
851 2965 885 3023 et
914 2981 1058 3023 caussam
1087 2959 1171 3022 illam
1200 2966 1305 3023 totam
1334 2959 1518 3043 deposcere.

317 3058 427 3142 Atque
454 3056 506 3119 illo
527 3056 596 3140 ipso
618 3063 760 3139 tempore
777 3054 812 3127 ¹in
834 3057 931 3121 aedes
954 3056 992 3119 Τ.
1008 3056 1116 3136 Αιιιιίἱ,
1133 3057 1268 3120 hominis
1289 3055 1516 3135 honestissimi,

315 3153 487 3218 necessarii
514 3161 547 3216 et
569 3152 663 3216 amici
685 3152 756 3229 mei,
778 3162 877 3217 noctu
897 3154 1056 3234 Staienus,
1075 3155 1249 3220 arcessitus
1267 3155 1308 3218 ab
1331 3153 1515 3239 Oppianico,

315 3253 413 3316 venit.
459 3250 536 3314 Jam
561 3258 671 3315 cetera
695 3258 773 3313 nota
790 3260 867 3317 sunt
889 3253 1055 3318 omnibus:
1086 3261 1124 3317 ut
1145 3276 1218 3317 cum
1243 3253 1296 3317 illo
1323 3251 1518 3338 Oppianicus

316 3348 420 3431 egerit
450 3348 490 3410 de
516 3347 661 3431 pecunia,
687 3354 724 3412 ut
753 3348 805 3412 ille
828 3372 863 3415 se
888 3351 1086 3415 redditurum
1109 3374 1179 3416 esse
1201 3350 1326 3428 dixerit,
1347 3357 1518 3413 uteorum

315 3465 494 3508 sermonem
509 3466 633 3508 omnem
654 3445 815 3511 audierint
830 3448 887 3512 riri
904 3449 988 3527 boni,
1005 3450 1059 3535 qui
1081 3457 1150 3515 tum
1172 3450 1318 3515 consulto
1332 3453 1461 3533 propter
1482 3445 1517 3509 iu

315 3541 440 3604 occulto
469 3541 653 3606 stetissent:
689 3549 800 3608 utres
829 3547 993 3631 patefacta
1020 3554 1117 3632 atque
1143 3549 1176 3612 in
1200 3548 1303 3611 lorum
1323 3544 1459 3630 prolata,
1480 3550 1517 3609 et

314 3640 447 3727 pecunia
462 3642 564 3706 omnis
578 3664 598 3705 a
615 3641 745 3707 Staieno
760 3652 889 3709 extorta
902 3653 999 3731 atque
1014 3653 1125 3731 erepta
1138 3646 1192 3711 sit.
1237 3643 1383 3708 XXIX.
1407 3641 1516 3725 Hujus

317 3740 439 3805 Staieni
465 3760 609 3825 persona,
633 3741 749 3827 populo
768 3743 837 3827 jam
856 3750 935 3807 nota
955 3752 1052 3828 atque
1074 3750 1251 3829 perspecta,
1267 3743 1308 3806 ab
1330 3740 1415 3803 nulla
1428 3739 1516 3824 turpi

314 3836 493 3923 suspicione
522 3838 736 3911 abhorrebat;
770 3862 973 3925 suppressam
1001 3863 1071 3905 esse
1101 3843 1142 3905 ab
1171 3862 1209 3904 eo
1232 3838 1400 3925 pecuniam
1421 3858 1517 3922 quam

314 3958 372 4021 pro
402 3958 456 4000 reo
486 3936 724 4021 pronuntiasset
750 3936 804 4021 qui
833 3946 926 4002 erant
954 3938 986 4001 in
1015 3939 1162 4003 contione
1191 3960 1254 4001 non
1284 3935 1515 4021 intelligebant.

315 4038 428 4124 Neque
458 4037 540 4101 enim
570 4038 775 4101 docebantur.
822 4036 996 4102 Versatam
1024 4058 1094 4102 ease
1118 4038 1150 4101 in
1173 4036 1294 4122 judicio
1322 4034 1517 4099 mentionem

313 4136 465 4220 pecuniae
488 4135 678 4211 sentiebant,
706 4135 906 4198 innocentem
934 4156 1024 4199 reum
1048 4136 1291 4200 condemnatum
1319 4133 1513 4196 audiebant:

315 4232 437 4298 Staieni
466 4233 629 4298 sententia
658 4234 907 4297 condemnatum
935 4233 1105 4298 videbant:
1130 4256 1194 4297 non
1216 4232 1319 4318 gratis
1347 4231 1381 4294 id
1405 4232 1447 4293 ab
1475 4253 1515 4294 eo

347 4412 465 4475 ονειοονι]
486 4412 550 4460 “He
567 4412 671 4474 thought
689 4428 721 4460 nn
743 4414 901 4476 opportunity
933 4413 979 4461 Sca
995 4412 1050 4461 vot
1074 4412 1096 4461 l.
1114 4412 1184 4461 Verr.
1203 4411 1229 4459 ii.
1247 4415 1271 4459 b.
1291 4426 1312 4459 c.
1330 4410 1379 4467 673
1401 4409 1448 4457 aud
1467 4408 1517 4456 Pro

314 4489 362 4522 war
373 4476 498 4523 offeredtc
516 4477 566 4524 him
577 4478 604 4525 ol
618 4478 711 4539 getting
730 4478 791 4539 good
802 4478 901 4540 opinion
933 4478 1006 4525 Rosa
1025 4478 1091 4537 Am,
1113 4493 1134 4525 c.
1156 4480 1303 4527 itt-‘enm
1321 4489 1456 4523 monem
1471 4488 1516 4521 ιιι-

314 4536 347 4601 by
360 4538 472 4602 bringing
487 4540 529 4588 the
545 4546 652 4589 senators
666 4542 718 4589 into
728 4542 775 4590 bad
789 4541 900 4605 repute.''
933 4543 1021 4590 dierint
1030 4542 1146 4601 omnem,’
1158 4542 1185 4590 Ρ.
1197 4540 1287 4589 Bcitar.
