3517 5325
703 469 806 534 uAP.
829 471 968 535 20-22.
1377 471 1439 534 223

231 664 393 709 armorum
409 639 576 724 judicium,
597 646 666 704 tum
690 637 754 704 ista
776 639 896 714 dicito;
918 640 999 726 juris
1019 639 1174 724 judicium
1198 663 1295 726 quum
1322 639 1384 706 erit
1406 647 1441 704 et

231 741 417 828 aequitatis,
430 761 509 806 cave
523 739 557 802 in
572 737 637 802 ista
651 745 720 802 tam
733 738 858 824 frigida,
876 745 944 802 tam
956 739 1068 823 jejuna
1082 739 1241 803 calumnia
1256 738 1436 812 delitiscas;

231 863 297 905 nou
312 840 396 904 enim
411 837 551 923 reperies
565 857 756 923 quemquam
768 837 909 922 judicem
923 845 981 902 aut
996 845 1261 922 recuperatorem,
1278 837 1340 922 qui,
1358 843 1439 902 tarn·

231 960 327 1024 quam
353 937 381 1002 si
404 957 495 1000 arma
516 935 628 1000 militis
652 935 852 1019 inspiciunda
874 935 950 1012 sint,
977 935 1025 999 ita
1049 937 1165 1021 probet
1188 943 1356 1010 armatum,
1384 934 1441 998 sed

230 1035 366 1123 proinde
380 1033 499 1098 valebit
513 1033 603 1118 quasi
626 1032 831 1096 armatissimi
855 1033 984 1110 fuerint,
1006 1033 1034 1098 si
1056 1032 1254 1117 reperientur
1275 1032 1322 1096 ita
1336 1031 1440 1116 parati

231 1134 333 1198 luisse
346 1139 385 1196 ut
406 1131 472 1194 vim
486 1130 572 1195 vitae
590 1138 650 1195 aut
673 1130 800 1216 corpori
821 1133 986 1216 potuerint
1008 1131 1132 1196 afferre.
1179 1128 1305 1194 XXII.
1330 1129 1440 1216 Atque

231 1239 272 1296 ut
284 1229 389 1315 magis
403 1227 564 1314 intelligas
579 1249 676 1314 quam
690 1229 787 1293 verba
808 1227 887 1292 nihil
901 1229 1036 1306 valeant,
1054 1227 1082 1292 si
1102 1227 1249 1305 tuccius,
1266 1234 1324 1291 aut
1339 1226 1441 1312 quivis

232 1351 316 1394 unus
337 1350 411 1392 cum
429 1334 533 1403 scuto,
548 1347 621 1391 cum
635 1325 742 1411 gladio
757 1325 912 1412 impetum
927 1327 960 1390 in
984 1349 1035 1390 me
1054 1325 1184 1392 iecisset
1199 1333 1296 1411 atque
1311 1348 1371 1412 ego
1394 1325 1441 1390 ita

212 1427 380 1510 ,dejectus
394 1446 506 1502 essem,
522 1424 697 1488 auderesne
721 1423 827 1488 dicere
847 1424 1054 1489 interdictum
1075 1445 1144 1490 esse
1166 1425 1206 1488 de
1230 1425 1363 1506 armatis
1385 1424 1440 1489 ho·

233 1525 382 1602 minibus,
397 1523 449 1588 hic
463 1528 572 1586 autem
586 1522 747 1586 hominem
760 1529 921 1586 armatum
936 1545 1033 1586 uuum
1053 1522 1173 1588 loiseel
1218 1524 1301 1600 Non,
1318 1523 1439 1608 opinor,

233 1630 302 1687 tam
316 1621 483 1706 impudens
497 1641 596 1686 esses.
641 1619 746 1706 Atqui
760 1620 831 1684 vide
849 1642 891 1685 ne
916 1621 1018 1685 multo
1042 1641 1126 1684 nuuc
1149 1619 1193 1686 sis
1214 1620 1440 1706 impudentior.

236 1719 322 1784 Nam
336 1727 406 1782 tum
419 1717 547 1803 quidem
567 1740 678 1784 omues
698 1719 850 1783 mortales
871 1718 1040 1804 implorare
1055 1739 1175 1804 posses,
1193 1719 1277 1804 quod
1298 1719 1442 1784 homiues

234 1817 269 1882 iu
298 1824 356 1882 tuo
378 1815 509 1901 negotio
534 1815 650 1882 Latine
673 1815 945 1894 obliviscerentur,
974 1819 1059 1902 quod
1083 1817 1195 1882 inermi
1216 1817 1333 1884 armati
1355 1817 1441 1902 judi-

186 1907 193 1915 ’
234 1922 397 1990 curemur,
414 1913 508 1999 quod,
530 1936 627 2000 quum
646 1915 853 1980 interdictum
874 1923 961 1980 esset
979 1917 1019 1980 de
1034 1915 1187 2002 pluribus,
1206 1917 1375 1980 commissa
1389 1937 1442 1980 res

235 2015 388 2080 essetab
414 2035 489 2090 uuo,
512 2036 595 2078 unus
617 2015 712 2079 homo
735 2015 843 2102 plures
866 2035 936 2079 esse
960 2014 1103 2080 homines
1122 2014 1330 2100 judicaretur.
1377 2013 1442 2078 Ve-

236 2134 308 2176 rum
322 2111 356 2175 in
370 2111 421 2176 bis
436 2112 557 2176 caussis
575 2134 640 2176 uon
654 2113 751 2177 verba
764 2113 898 2178 veniunt
919 2112 952 2176 iu
972 2113 1136 2198 judicium,
1152 2113 1210 2178 sed
1230 2134 1268 2176 ea
1283 2135 1335 2178 res
1350 2111 1442 2196 cujus

236 2232 351 2276 caussa
375 2212 473 2275 verba
495 2210 574 2275 haec
597 2210 631 2274 iu
653 2211 860 2276 interdictum
884 2213 1032 2296 conjecta
1060 2218 1146 2276 sunt.
1193 2211 1270 2275 Vim
1295 2233 1378 2296 quae
1399 2211 1441 2274 ad

237 2317 334 2394 caput
347 2331 385 2372 ac
398 2309 498 2374 vitam
511 2309 652 2394 pertinet
666 2309 794 2374 restitui
804 2310 873 2374 siue
889 2309 951 2374 ulla
966 2309 1154 2394 exceptione
1169 2307 1345 2374 voluerunt.
1392 2307 1443 2370 Ea

236 2407 276 2470 lit
298 2406 483 2492 plerumque
502 2429 559 2492 per
582 2407 727 2470 homiues
749 2416 878 2470 coactos
901 2414 1122 2490 armatosque:
1155 2405 1183 2468 si
1208 2405 1269 2468 alio
1300 2404 1440 2482 oonsilio,

235 2505 347 2568 eodem
373 2504 514 2590 periculo
536 2505 625 2568 iacta
645 2504 698 2581 sit,
724 2503 836 2568 eodem
856 2504 931 2587 jure
954 2525 1023 2567 esse
1038 2503 1215 2566 voluerunt.
1261 2501 1335 2566 Non
1357 2501 1442 2565 enim

235 2602 338 2688 major
353 2610 404 2669 est
425 2601 549 2687 injuria,
566 2601 594 2665 si
617 2607 675 2666 tua
696 2600 816 2665 familia
829 2621 926 2687 quam
949 2601 976 2665 si
996 2606 1073 2665 tuus
1087 2599 1230 2674 villicus;
1255 2621 1319 2665 non
1345 2599 1371 2665 si
1394 2599 1442 2665 tui

234 2700 318 2765 servi
333 2721 428 2784 quam
446 2698 475 2762 si
489 2697 583 2761 alieni
597 2719 636 2762 ac
651 2698 858 2773 mercenarii;
884 2718 947 2761 uon
968 2698 996 2762 si
1012 2704 1088 2763 tuus
1103 2706 1290 2781 procurator
1306 2720 1399 2783 quam
1414 2698 1442 2763 si

234 2798 359 2861 vicinus
373 2802 430 2861 aut
445 2795 579 2860 libertus
593 2802 687 2869 tuus;
711 2816 777 2858 uon
799 2794 827 2859 si
847 2795 970 2860 coactis
985 2794 1165 2859 homiuibus
1180 2817 1275 2881 quam
1291 2797 1318 2861 ei
1334 2796 1443 2861 volun·

235 2893 329 2959 tariis
352 2900 410 2959 aut
434 2892 534 2956 etiam
557 2892 695 2957 assiduis
712 2914 752 2956 ac
777 2892 981 2969 domesticis;
1007 2915 1071 2957 non
1091 2892 1120 2957 si
1142 2894 1274 2959 armatis
1297 2896 1442 2981 quamsi

235 2992 419 3069 inermibus,
449 2990 504 3077 qui
533 2990 597 3055 vim
624 2992 781 3057 baberent
804 2999 1001 3057 armatorum
1030 2992 1071 3057 ad
1096 2994 1296 3068 nocendum
1329 3016 1393 3058 nou
1414 2994 1442 3059 si

235 3090 378 3177 pluribus
403 3088 547 3175 quamsi
575 3110 639 3155 uuo
668 3097 804 3156 armato.
861 3088 985 3170 Quibus
1015 3090 1100 3155 euim
1130 3091 1225 3155 rebus
1258 3092 1442 3179 plerumque

237 3301 403 3363 mirram
436 3300 603 3349 memma
617 3300 823 3351 drauiaoll’acu·
856 3301 1254 3365 ‘implorarepusseaquod'drcr
1273 3302 1444 3351 “Foriutlrat

237 3367 290 3415 vius
304 3365 405 3414 eutitled
416 3367 546 3415 Amorum
560 3366 692 3424 deditium,
708 3367 787 3415 which
802 3368 824 3415 ia
855 3382 910 3415 case
921 3382 970 3429 you
984 3367 1062 3428 might
1077 3367 1137 3416 have
1154 3368 1303 3430 complained
1315 3374 1341 3417 to
1352 3368 1385 3417 all
1401 3369 1443 3417 the

237 3430 375 3479 meuboned
385 3430 468 3491 hythe
477 3432 637 3492 grammarian
648 3432 760 3489 Nouium
775 3432 823 3480 aud
855 3432 938 3488 world,
946 3432 999 3479 that
1007 3446 1063 3479 rnen
1074 3432 1098 3480 in
1110 3433 1159 3479 this
1170 3438 1257 3481 matter
1267 3434 1295 3481 oi
1303 3448 1375 3496 yours
1381 3448 1443 3481 vvere

237 3494 343 3544 Ciearo¹s
350 3495 453 3543 allusion
461 3496 539 3543 would
551 3496 734 3545 mandentum
746 3496 824 3559 byhia
856 3497 986 3559 lorgetting
1005 3498 1059 3545 horr
1079 3503 1105 3545 to
1124 3498 1197 3559 spealr
1215 3498 1296 3555 Ιιιιὶιι,
1316 3499 1370 3547 that
1386 3514 1443 3547 meu

237 3561 334 3608 hearers
351 3559 651 3622 (Kiehl-‘calumum'
668 3576 708 3609 aes
724 3562 780 3609 Vol.
799 3562 820 3611 1.
853 3562 970 3609 unarmed
988 3576 1049 3609 were
1065 3562 1174 3611 declared
1191 3568 1216 3609 to
1234 3563 1265 3611 be
1280 3564 1362 3611 armed
1378 3580 1442 3621 men,

237 3625 306 3672 Verr.
318 3625 344 3672 ii.
358 3626 379 3673 l.
391 3640 412 3672 c.
428 3626 465 3681 lu,
478 3626 526 3672 aud
538 3641 559 3673 c.
571 3627 604 3673 2¹3
617 3626 646 3672 ol
658 3626 708 3673 thia
719 3628 821 3675 oration
853 3627 909 3673 that
923 3627 1016 3687 though
1033 3626 1074 3675 the
1092 3627 1209 3675 Interdict
1224 3629 1321 3691 applied
1334 3635 1360 3677 to
1377 3642 1443 3676 mura

238 3689 394 3738 ‘calomnia'
406 3689 512 3749 significa
522 3690 580 3737 here
589 3704 605 3736 a
615 3690 739 3738 mahom
749 3692 822 3737 inter-
853 3692 914 3739 thau
926 3706 980 3747 ons.
995 3693 1043 3739 aud
1054 3692 1095 3739 the
1110 3701 1149 3739 act
1163 3692 1210 3739 had
1227 3693 1288 3741 been
1304 3693 1443 3740 committed

237 3753 396 3816 pretatiouoi
404 3753 606 3815 themeauingof
614 3754 699 3802 worda.
732 3755 823 3817 Ulpiau
855 3755 888 3817 by
905 3770 960 3811 one,
980 3761 1021 3816 yet
1037 3770 1083 3803 ons
1105 3771 1161 3803 man
1180 3771 1228 3803 was
1244 3757 1353 3805 declared
1369 3760 1395 3803 to
1413 3756 1443 3804 bs

239 3819 289 3882 (De
307 3818 332 3866 vi
353 3822 379 3865 et
398 3818 428 3865 de
446 3818 470 3865 vi
486 3826 584 3875 mata,
604 3818 661 3879 Dig-
682 3822 721 3869 48.
741 3821 778 3868 16.
796 3819 823 3881 ³)
856 3818 1048 3867 arnulfi—‘in
1071 3818 1251 3867 interdictum!
1276 3820 1319 3866 ‘ad
1331 3820 1443 3867 interdic-

237 3883 316 3931 ahons
324 3884 379 3930 that
386 3883 411 3929 iu
419 3882 456 3929 his
464 3884 523 3931 time
531 3883 573 3930 the
580 3885 692 3944 meaning
700 3884 729 3931 of
735 3882 824 3931 ‘arma'
857 3885 927 3939 tunu’
941 3883 1022 3939 Klotz,
1034 3883 1156 3945 following
1167 3884 1208 3930 the
1218 3884 1303 3930 Turio.
1317 3884 1366 3930 Pal.
1394 3882 1444 3931 But

237 3963 286 3995 was
297 3948 384 3995 settled
394 3953 420 3994 to
431 3946 533 3995 bovum
541 3947 625 3995 Cicero
631 3949 759 3995 maintains
769 3948 823 3995 that
857 3948 940 3995 Keller
957 3948 977 3994 ia
993 3948 1057 4007 right
1068 3948 1093 3993 ἰιι
1107 3947 1264 4008 maintaining
1278 3948 1332 3994 that
1349 3946 1405 3995 ‘iu'
1422 3948 1443 3995 ia

237 4012 259 4059 it
275 4028 339 4059 rrae:
357 4012 446 4059 ‘armis
463 4012 582 4072 deiectmu
600 4013 721 4074 quomodo
737 4013 823 4074 accipi·
855 4012 899 4059 the
909 4026 996 4073 proper
1008 4011 1078 4057 latin
1090 4026 1171 4071 uaage.

238 4079 310 4125 mus?
326 4078 403 4124 Arma
409 4077 618 4131 auutomniatela,
627 4077 723 4133 houset,
732 4076 823 4137 fustes}
885 4074 1008 4137 perlinat]
1026 4075 1104 4122 There
1115 4076 1135 4123 ia
1146 4090 1161 4121 a
1171 4076 1268 4135 reading
1285 4076 1443 4137 ‘pertineret'

238 4145 323 4189 dec-⁸
333 4141 434 4204 proinde
444 4141 459 4187 :'
474 4140 513 4195 T..
525 4140 655 4201 ‘perinde'
669 4140 757 4189 Baiter.
856 4140 883 4188 iu
899 4140 941 4187 the
959 4139 1042 4187 Turia.
1056 4139 1115 4197 ru..
1133 4140 1210 4187 which
1227 4140 1299 4187 Klota
1316 4140 1444 4187 maintaina

271 4208 310 4253 22.
316 4204 497 4267 judicaverat]
508 4204 754 4266 Thereisareading‘
759 4205 824 4267 judi·
857 4211 884 4251 to
895 4205 925 4253 be
936 4205 978 4251 the
989 4215 1042 4251 true
1056 4203 1162 4265 reading.
1195 4204 1248 4251 The
1259 4204 1385 4252 indicative
1396 4204 1444 4253 and

238 4270 366 4326 careatur,'
379 4270 456 4317 which
468 4268 541 4316 Klotz
552 4268 826 4330 has‚buttlreringnlar
857 4269 900 4316 the
922 4268 1073 4329 subjunctive
1100 4268 1131 4316 do
1156 4272 1200 4315 not
1223 4283 1293 4316 mean
1315 4269 1357 4316 the
1379 4284 1444 4317 same

236 4335 312 4383 iatbe
322 4340 375 4383 true
388 4334 494 4395 reading.
527 4333 581 4381 The
593 4332 671 4380 worda
690 4338 756 4381 ‘tum
771 4335 824 4396 qul·
856 4334 935 4393 thing.
977 4332 1030 4381 Tlrs
1041 4333 1127 4395 phrase
1143 4334 1206 4381 ‘rim
1220 4367 1226 4381 .
1239 4366 1246 4380 .
1259 4367 1265 4380 .
1277 4332 1386 4381 restitui'
1402 4350 1443 4382 ex-

237 4400 307 4447 dem’
325 4400 388 4447 refer
398 4404 424 4447 to
436 4399 478 4446 the
493 4398 527 4444 ‘si
538 4397 614 4459 glebis
625 4402 668 4443 aut
679 4397 758 4455 saxir,’
771 4403 824 4455 ac..
857 4412 950 4460 praeses
960 4397 1003 4445 the
1014 4398 1156 4446 restoration
1171 4398 1199 4445 ol
1212 4398 1255 4445 the
1269 4398 1363 4460 injured
1374 4404 1444 4462 party

236 4464 286 4512 aud
295 4469 323 4511 to
339 4464 376 4511 ‘si
387 4470 415 4511 tu
430 4462 511 4521 solua,’
529 4464 573 4510 dre.
606 4461 659 4509 The
674 4462 788 4525 difficulty
799 4464 826 4510 iu
857 4468 884 4509 to
895 4462 937 4510 the
948 4462 1069 4511 condition
1080 4462 1106 4511 in
1118 4463 1194 4511 rvhich
1206 4463 1237 4519 be
1248 4478 1296 4513 was
1310 4464 1392 4514 before
1403 4465 1444 4515 the

235 4526 686 4592 ommungtuispmagecomistain
698 4527 825 4577 thewords
857 4527 932 4577 aetol
947 4527 1010 4576 ‘vir'
1022 4524 1150 4577 audone.
