<?xml version="1.0" encoding="UTF-8"?>
<!DOCTYPE html PUBLIC "-//W3C//DTD XHTML 1.0 Transitional//EN"
    "http://www.w3.org/TR/xhtml1/DTD/xhtml1-transitional.dtd">
<html xmlns="http://www.w3.org/1999/xhtml" xml:lang="en" lang="en">
 <head>
  <title>
</title>
<meta http-equiv="Content-Type" content="text/html;charset=utf-8" />
  <meta name='ocr-system' content='tesseract 3.04.00' />
  <meta name='ocr-capabilities' content='ocr_page ocr_carea ocr_par ocr_line ocrx_word'/>
</head>
<body>
  <div class='ocr_page' id='page_1' title='image "./mtulliiciceroni02longgoog/mtulliiciceroni02longgoog_0040.png"; bbox 0 0 3517 5325; ppageno 0'>
   <div class='ocr_carea' id='block_1_1' title="bbox 707 480 1435 547">
    <p class='ocr_par' dir='ltr' id='par_1_1' title="bbox 707 480 1435 547">
     <span class='ocr_line' id='line_1_1' title="bbox 707 480 1435 547; baseline -0.001 -2"><span class='ocrx_word' id='word_1_1' title='bbox 707 480 808 546; x_wconf 78' lang='lat' dir='ltr'><strong>OAP.</strong></span> <span class='ocrx_word' id='word_1_2' title='bbox 833 484 971 547; x_wconf 78' lang='lat'><strong>13—15.</strong></span> <span class='ocrx_word' id='word_1_3' title='bbox 1393 480 1435 545; x_wconf 81' lang='lat'>29</span> 
     </span>
    </p>
   </div>
   <div class='ocr_carea' id='block_1_2' title="bbox 228 646 1460 3436">
    <p class='ocr_par' dir='ltr' id='par_1_2' title="bbox 228 646 1460 2567">
     <span class='ocr_line' id='line_1_2' title="bbox 232 646 1437 735; baseline 0.001 -23"><span class='ocrx_word' id='word_1_4' title='bbox 232 648 413 713; x_wconf 84' lang='lat' dir='ltr'>differendis</span> <span class='ocrx_word' id='word_1_5' title='bbox 437 654 564 733; x_wconf 85' lang='lat' dir='ltr'>tempus</span> <span class='ocrx_word' id='word_1_6' title='bbox 590 670 682 713; x_wconf 90' lang='lat' dir='ltr'>omne</span> <span class='ocrx_word' id='word_1_7' title='bbox 706 649 958 735; x_wconf 88' lang='lat' dir='ltr'>consumpserit;</span> <span class='ocrx_word' id='word_1_8' title='bbox 991 648 1045 735; x_wconf 91' lang='lat' dir='ltr'>qui</span> <span class='ocrx_word' id='word_1_9' title='bbox 1069 654 1277 735; x_wconf 79' lang='lat' dir='ltr'><strong>posteaquam</strong></span> <span class='ocrx_word' id='word_1_10' title='bbox 1299 646 1437 713; x_wconf 87' lang='lat' dir='ltr'>vadimo-</span> 
     </span>
     <span class='ocr_line' id='line_1_3' title="bbox 231 745 1438 831; baseline -0.001 -22"><span class='ocrx_word' id='word_1_11' title='bbox 231 747 318 809; x_wconf 88' lang='lat' dir='ltr'><strong>nium</strong></span> <span class='ocrx_word' id='word_1_12' title='bbox 334 768 458 831; x_wconf 91' lang='lat' dir='ltr'>quoque</span> <span class='ocrx_word' id='word_1_13' title='bbox 474 746 605 827; x_wconf 86' lang='lat' dir='ltr'>missum</span> <span class='ocrx_word' id='word_1_14' title='bbox 627 745 748 825; x_wconf 85' lang='lat' dir='ltr'>lecerit,</span> <span class='ocrx_word' id='word_1_15' title='bbox 765 746 849 810; x_wconf 89' lang='lat' dir='ltr'>hunc</span> <span class='ocrx_word' id='word_1_16' title='bbox 863 768 921 831; x_wconf 90' lang='lat' dir='ltr'>per</span> <span class='ocrx_word' id='word_1_17' title='bbox 940 746 1071 810; x_wconf 73' lang='lat' dir='ltr'>insidias</span> <span class='ocrx_word' id='word_1_18' title='bbox 1085 746 1116 809; x_wconf 87' lang='lat' dir='ltr'>vi</span> <span class='ocrx_word' id='word_1_19' title='bbox 1131 746 1170 809; x_wconf 92' lang='lat' dir='ltr'>de</span> <span class='ocrx_word' id='word_1_20' title='bbox 1185 766 1264 831; x_wconf 87' lang='lat' dir='ltr'>agro</span> <span class='ocrx_word' id='word_1_21' title='bbox 1279 745 1438 809; x_wconf 90' lang='lat' dir='ltr'>communi</span> 
     </span>
     <span class='ocr_line' id='line_1_4' title="bbox 232 840 1435 928; baseline 0.002 -23"><span class='ocrx_word' id='word_1_22' title='bbox 232 841 403 925; x_wconf 90' lang='lat' dir='ltr'>dejecerit;</span> <span class='ocrx_word' id='word_1_23' title='bbox 429 840 492 925; x_wconf 93' lang='lat' dir='ltr'>qui,</span> <span class='ocrx_word' id='word_1_24' title='bbox 509 864 606 927; x_wconf 87' lang='lat' dir='ltr'>quum</span> <span class='ocrx_word' id='word_1_25' title='bbox 621 842 660 905; x_wconf 91' lang='lat' dir='ltr'>de</span> <span class='ocrx_word' id='word_1_26' title='bbox 675 865 710 905; x_wconf 92' lang='lat' dir='ltr'>re</span> <span class='ocrx_word' id='word_1_27' title='bbox 724 842 840 928; x_wconf 88' lang='lat' dir='ltr'>agendi</span> <span class='ocrx_word' id='word_1_28' title='bbox 861 843 947 907; x_wconf 93' lang='lat' dir='ltr'>nullo</span> <span class='ocrx_word' id='word_1_29' title='bbox 967 850 1135 907; x_wconf 78' lang='lat' dir='ltr'>recusante</span> <span class='ocrx_word' id='word_1_30' title='bbox 1154 849 1297 927; x_wconf 85' lang='lat' dir='ltr'>potestas</span> <span class='ocrx_word' id='word_1_31' title='bbox 1311 842 1435 920; x_wconf 84' lang='lat' dir='ltr'>luisset,</span> 
     </span>
     <span class='ocr_line' id='line_1_5' title="bbox 231 938 1436 1025; baseline 0 -24"><span class='ocrx_word' id='word_1_32' title='bbox 231 938 433 1023; x_wconf 78' lang='lat' dir='ltr'>sponsionem</span> <span class='ocrx_word' id='word_1_33' title='bbox 451 938 490 1001; x_wconf 94' lang='lat' dir='ltr'>de</span> <span class='ocrx_word' id='word_1_34' title='bbox 513 939 748 1023; x_wconf 77' lang='lat' dir='ltr'>probrosaeere</span> <span class='ocrx_word' id='word_1_35' title='bbox 763 939 931 1015; x_wconf 87' lang='lat' dir='ltr'>maluerit;</span> <span class='ocrx_word' id='word_1_36' title='bbox 957 940 1021 1025; x_wconf 91' lang='lat' dir='ltr'>qui,</span> <span class='ocrx_word' id='word_1_37' title='bbox 1045 961 1142 1025; x_wconf 93' lang='lat' dir='ltr'>quum</span> <span class='ocrx_word' id='word_1_38' title='bbox 1164 946 1333 1003; x_wconf 81' lang='lat' dir='ltr'>revocetur</span> <span class='ocrx_word' id='word_1_39' title='bbox 1346 939 1388 1001; x_wconf 90' lang='lat' dir='ltr'>ad</span> <span class='ocrx_word' id='word_1_40' title='bbox 1403 938 1436 1001; x_wconf 93' lang='lat' dir='ltr'>id</span> 
     </span>
     <span class='ocr_line' id='line_1_6' title="bbox 228 1034 1436 1119; baseline 0.001 -22"><span class='ocrx_word' id='word_1_41' title='bbox 228 1034 393 1118; x_wconf 88' lang='lat' dir='ltr'>judicium,</span> <span class='ocrx_word' id='word_1_42' title='bbox 421 1034 504 1097; x_wconf 91' lang='lat' dir='ltr'>unde</span> <span class='ocrx_word' id='word_1_43' title='bbox 527 1034 606 1097; x_wconf 87' lang='lat' dir='ltr'>haec</span> <span class='ocrx_word' id='word_1_44' title='bbox 626 1040 703 1097; x_wconf 84' lang='lat' dir='ltr'>nata</span> <span class='ocrx_word' id='word_1_45' title='bbox 727 1042 802 1099; x_wconf 89' lang='lat' dir='ltr'>sunt</span> <span class='ocrx_word' id='word_1_46' title='bbox 828 1035 942 1114; x_wconf 85' lang='lat' dir='ltr'>omnia,</span> <span class='ocrx_word' id='word_1_47' title='bbox 974 1034 1188 1099; x_wconf 88' lang='lat' dir='ltr'>conditionem</span> <span class='ocrx_word' id='word_1_48' title='bbox 1213 1034 1436 1119; x_wconf 87' lang='lat' dir='ltr'>aequissimam</span> 
     </span>
     <span class='ocr_line' id='line_1_7' title="bbox 232 1128 1460 1216; baseline 0 -23"><span class='ocrx_word' id='word_1_49' title='bbox 232 1130 395 1215; x_wconf 81' lang='lat' dir='ltr'>repudiet3</span> <span class='ocrx_word' id='word_1_50' title='bbox 421 1128 561 1193; x_wconf 75' lang='lat' dir='ltr'>fateatur</span> <span class='ocrx_word' id='word_1_51' title='bbox 585 1150 620 1192; x_wconf 88' lang='lat' dir='ltr'>se</span> <span class='ocrx_word' id='word_1_52' title='bbox 644 1151 707 1193; x_wconf 92' lang='lat' dir='ltr'>non</span> <span class='ocrx_word' id='word_1_53' title='bbox 729 1130 905 1214; x_wconf 85' lang='lat' dir='ltr'>pecuniam,</span> <span class='ocrx_word' id='word_1_54' title='bbox 927 1132 984 1195; x_wconf 89' lang='lat' dir='ltr'>sed</span> <span class='ocrx_word' id='word_1_55' title='bbox 999 1131 1098 1196; x_wconf 83' lang='lat' dir='ltr'>vitam</span> <span class='ocrx_word' id='word_1_56' title='bbox 1118 1139 1153 1196; x_wconf 91' lang='lat' dir='ltr'>et</span> <span class='ocrx_word' id='word_1_57' title='bbox 1175 1131 1361 1214; x_wconf 84' lang='lat' dir='ltr'>sanguinem</span> <span class='ocrx_word' id='word_1_58' title='bbox 1381 1152 1460 1216; x_wconf 90' lang='lat' dir='ltr'>pe-.</span> 
     </span>
     <span class='ocr_line' id='line_1_8' title="bbox 231 1225 1434 1313; baseline 0.001 -23"><span class='ocrx_word' id='word_1_59' title='bbox 231 1235 320 1303; x_wconf 83' lang='lat' dir='ltr'>tere3</span> <span class='ocrx_word' id='word_1_60' title='bbox 346 1226 373 1290; x_wconf 89' lang='lat' dir='ltr'>ia</span> <span class='ocrx_word' id='word_1_61' title='bbox 398 1247 462 1289; x_wconf 90' lang='lat' dir='ltr'>non</span> <span class='ocrx_word' id='word_1_62' title='bbox 487 1226 547 1289; x_wconf 89' lang='lat' dir='ltr'>hoe</span> <span class='ocrx_word' id='word_1_63' title='bbox 574 1225 679 1310; x_wconf 87' lang='lat' dir='ltr'>palam</span> <span class='ocrx_word' id='word_1_64' title='bbox 706 1225 805 1291; x_wconf 88' lang='lat' dir='ltr'>dicit:</span> <span class='ocrx_word' id='word_1_65' title='bbox 830 1227 908 1289; x_wconf 92' lang='lat' dir='ltr'>mihi</span> <span class='ocrx_word' id='word_1_66' title='bbox 934 1227 1061 1313; x_wconf 85' lang='lat' dir='ltr'>siquid</span> <span class='ocrx_word' id='word_1_67' title='bbox 1090 1229 1261 1292; x_wconf 84' lang='lat' dir='ltr'>deberetur</span> <span class='ocrx_word' id='word_1_68' title='bbox 1282 1234 1434 1313; x_wconf 79' lang='lat' dir='ltr'>peterem,</span> 
     </span>
     <span class='ocr_line' id='line_1_9' title="bbox 231 1322 1433 1409; baseline 0.002 -24"><span class='ocrx_word' id='word_1_69' title='bbox 231 1332 329 1407; x_wconf 91' lang='lat' dir='ltr'>atque</span> <span class='ocrx_word' id='word_1_70' title='bbox 366 1324 446 1387; x_wconf 88' lang='lat' dir='ltr'>adeo</span> <span class='ocrx_word' id='word_1_71' title='bbox 479 1322 669 1407; x_wconf 90' lang='lat' dir='ltr'>jampridem</span> <span class='ocrx_word' id='word_1_72' title='bbox 703 1323 926 1386; x_wconf 81' lang='lat' dir='ltr'>abstulissem:</span> <span class='ocrx_word' id='word_1_73' title='bbox 960 1325 1038 1388; x_wconf 90' lang='lat' dir='ltr'>nihil</span> <span class='ocrx_word' id='word_1_74' title='bbox 1072 1325 1133 1387; x_wconf 85' lang='lat' dir='ltr'>hoc</span> <span class='ocrx_word' id='word_1_75' title='bbox 1166 1331 1261 1389; x_wconf 83' lang='lat' dir='ltr'>tanto</span> <span class='ocrx_word' id='word_1_76' title='bbox 1292 1324 1433 1409; x_wconf 80' lang='lat' dir='ltr'>negotio,</span> 
     </span>
     <span class='ocr_line' id='line_1_10' title="bbox 231 1418 1435 1505; baseline 0.004 -25"><span class='ocrx_word' id='word_1_77' title='bbox 231 1418 309 1481; x_wconf 92' lang='lat' dir='ltr'>nihil</span> <span class='ocrx_word' id='word_1_78' title='bbox 330 1424 397 1481; x_wconf 82' lang='lat' dir='ltr'>tam</span> <span class='ocrx_word' id='word_1_79' title='bbox 411 1418 565 1482; x_wconf 86' lang='lat' dir='ltr'>invidioso</span> <span class='ocrx_word' id='word_1_80' title='bbox 583 1418 716 1503; x_wconf 86' lang='lat' dir='ltr'>judicio,</span> <span class='ocrx_word' id='word_1_81' title='bbox 732 1418 809 1481; x_wconf 91' lang='lat' dir='ltr'>nihil</span> <span class='ocrx_word' id='word_1_82' title='bbox 824 1425 893 1483; x_wconf 89' lang='lat' dir='ltr'>tam</span> <span class='ocrx_word' id='word_1_83' title='bbox 909 1420 1039 1505; x_wconf 83' lang='lat' dir='ltr'>copiosa</span> <span class='ocrx_word' id='word_1_84' title='bbox 1052 1420 1260 1485; x_wconf 87' lang='lat' dir='ltr'>advocatione</span> <span class='ocrx_word' id='word_1_85' title='bbox 1274 1429 1390 1499; x_wconf 89' lang='lat' dir='ltr'>uterer,</span> <span class='ocrx_word' id='word_1_86' title='bbox 1407 1422 1435 1485; x_wconf 91' lang='lat' dir='ltr'>si</span> 
     </span>
     <span class='ocr_line' id='line_1_11' title="bbox 232 1515 1436 1603; baseline 0.003 -25"><span class='ocrx_word' id='word_1_87' title='bbox 232 1515 403 1600; x_wconf 91' lang='lat' dir='ltr'>petendum</span> <span class='ocrx_word' id='word_1_88' title='bbox 426 1522 529 1578; x_wconf 86' lang='lat' dir='ltr'>esset:</span> <span class='ocrx_word' id='word_1_89' title='bbox 562 1516 815 1600; x_wconf 87' lang='lat' dir='ltr'>extorquendum</span> <span class='ocrx_word' id='word_1_90' title='bbox 838 1522 889 1579; x_wconf 92' lang='lat' dir='ltr'>est</span> <span class='ocrx_word' id='word_1_91' title='bbox 912 1516 1010 1580; x_wconf 84' lang='lat' dir='ltr'>invito</span> <span class='ocrx_word' id='word_1_92' title='bbox 1035 1524 1133 1601; x_wconf 87' lang='lat' dir='ltr'>atque</span> <span class='ocrx_word' id='word_1_93' title='bbox 1158 1518 1324 1601; x_wconf 82' lang='lat' dir='ltr'>ingratiis:</span> <span class='ocrx_word' id='word_1_94' title='bbox 1349 1518 1436 1603; x_wconf 92' lang='lat' dir='ltr'>quod</span> 
     </span>
     <span class='ocr_line' id='line_1_12' title="bbox 231 1610 1435 1697; baseline 0.002 -22"><span class='ocrx_word' id='word_1_95' title='bbox 231 1634 296 1675; x_wconf 92' lang='lat' dir='ltr'>non</span> <span class='ocrx_word' id='word_1_96' title='bbox 318 1612 414 1674; x_wconf 89' lang='lat' dir='ltr'>debet</span> <span class='ocrx_word' id='word_1_97' title='bbox 441 1610 633 1695; x_wconf 89' lang='lat' dir='ltr'>eripiendum</span> <span class='ocrx_word' id='word_1_98' title='bbox 659 1620 755 1696; x_wconf 89' lang='lat' dir='ltr'>atque</span> <span class='ocrx_word' id='word_1_99' title='bbox 776 1612 1016 1697; x_wconf 87' lang='lat' dir='ltr'>exprimendum</span> <span class='ocrx_word' id='word_1_100' title='bbox 1035 1620 1104 1677; x_wconf 88' lang='lat' dir='ltr'>est:</span> <span class='ocrx_word' id='word_1_101' title='bbox 1129 1614 1169 1677; x_wconf 92' lang='lat' dir='ltr'>de</span> <span class='ocrx_word' id='word_1_102' title='bbox 1182 1614 1319 1678; x_wconf 81' lang='lat' dir='ltr'>fortunis</span> <span class='ocrx_word' id='word_1_103' title='bbox 1336 1615 1435 1678; x_wconf 89' lang='lat' dir='ltr'>omni-</span> 
     </span>
     <span class='ocr_line' id='line_1_13' title="bbox 231 1706 1435 1793; baseline 0.003 -22"><span class='ocrx_word' id='word_1_104' title='bbox 231 1708 292 1771; x_wconf 92' lang='lat' dir='ltr'>bus</span> <span class='ocrx_word' id='word_1_105' title='bbox 315 1706 354 1771; x_wconf 91' lang='lat' dir='ltr'>P.</span> <span class='ocrx_word' id='word_1_106' title='bbox 378 1707 528 1788; x_wconf 79' lang='lat' dir='ltr'>Quintius</span> <span class='ocrx_word' id='word_1_107' title='bbox 543 1708 761 1772; x_wconf 81' lang='lat' dir='ltr'>deturbandus</span> <span class='ocrx_word' id='word_1_108' title='bbox 776 1716 826 1773; x_wconf 88' lang='lat' dir='ltr'>est</span> <span class='ocrx_word' id='word_1_109' title='bbox 843 1734 849 1773; x_wconf 95' lang='lat'><strong>:</strong></span> <span class='ocrx_word' id='word_1_110' title='bbox 875 1716 1035 1793; x_wconf 87' lang='lat' dir='ltr'>potentes,</span> <span class='ocrx_word' id='word_1_111' title='bbox 1051 1709 1172 1785; x_wconf 88' lang='lat' dir='ltr'>diserti,</span> <span class='ocrx_word' id='word_1_112' title='bbox 1189 1711 1309 1774; x_wconf 90' lang='lat' dir='ltr'>nobiles</span> <span class='ocrx_word' id='word_1_113' title='bbox 1325 1732 1435 1776; x_wconf 86' lang='lat' dir='ltr'>omnes</span> 
     </span>
     <span class='ocr_line' id='line_1_14' title="bbox 231 1804 1434 1893; baseline 0.003 -26"><span class='ocrx_word' id='word_1_114' title='bbox 231 1804 404 1868; x_wconf 85' lang='lat' dir='ltr'>advocandi</span> <span class='ocrx_word' id='word_1_115' title='bbox 420 1812 513 1868; x_wconf 87' lang='lat' dir='ltr'>sunt:</span> <span class='ocrx_word' id='word_1_116' title='bbox 537 1804 717 1869; x_wconf 90' lang='lat' dir='ltr'>adhibenda</span> <span class='ocrx_word' id='word_1_117' title='bbox 731 1805 779 1869; x_wconf 89' lang='lat' dir='ltr'>vis</span> <span class='ocrx_word' id='word_1_118' title='bbox 794 1811 844 1869; x_wconf 88' lang='lat' dir='ltr'>eat</span> <span class='ocrx_word' id='word_1_119' title='bbox 859 1804 1004 1870; x_wconf 88' lang='lat' dir='ltr'>veritati:</span> <span class='ocrx_word' id='word_1_120' title='bbox 1029 1806 1132 1870; x_wconf 88' lang='lat' dir='ltr'>minae</span> <span class='ocrx_word' id='word_1_121' title='bbox 1143 1808 1327 1891; x_wconf 87' lang='lat' dir='ltr'>jactentur:</span> <span class='ocrx_word' id='word_1_122' title='bbox 1352 1808 1434 1893; x_wconf 89' lang='lat' dir='ltr'>peri·</span> 
     </span>
     <span class='ocr_line' id='line_1_15' title="bbox 232 1900 1433 1990; baseline 0.002 -24"><span class='ocrx_word' id='word_1_123' title='bbox 232 1902 303 1966; x_wconf 88' lang='lat' dir='ltr'>cula</span> <span class='ocrx_word' id='word_1_124' title='bbox 325 1901 547 1965; x_wconf 83' lang='lat' dir='ltr'>intendantur:</span> <span class='ocrx_word' id='word_1_125' title='bbox 572 1900 754 1965; x_wconf 84' lang='lat' dir='ltr'>formidines</span> <span class='ocrx_word' id='word_1_126' title='bbox 777 1909 977 1987; x_wconf 90' lang='lat' dir='ltr'>opponantur</span> <span class='ocrx_word' id='word_1_127' title='bbox 999 1910 1037 1966; x_wconf 92' lang='lat' dir='ltr'>ut</span> <span class='ocrx_word' id='word_1_128' title='bbox 1060 1902 1111 1966; x_wconf 87' lang='lat' dir='ltr'>hia</span> <span class='ocrx_word' id='word_1_129' title='bbox 1140 1906 1236 1968; x_wconf 90' lang='lat' dir='ltr'>rebus</span> <span class='ocrx_word' id='word_1_130' title='bbox 1265 1904 1433 1990; x_wconf 90' lang='lat' dir='ltr'>aliquando</span> 
     </span>
     <span class='ocr_line' id='line_1_16' title="bbox 231 1997 1434 2086; baseline 0.001 -23"><span class='ocrx_word' id='word_1_131' title='bbox 231 2000 335 2064; x_wconf 86' lang='lat' dir='ltr'>victus</span> <span class='ocrx_word' id='word_1_132' title='bbox 360 2005 394 2063; x_wconf 93' lang='lat' dir='ltr'>et</span> <span class='ocrx_word' id='word_1_133' title='bbox 417 1998 603 2083; x_wconf 86' lang='lat' dir='ltr'>perterritus</span> <span class='ocrx_word' id='word_1_134' title='bbox 632 1998 699 2083; x_wconf 86' lang='lat' dir='ltr'>ipse</span> <span class='ocrx_word' id='word_1_135' title='bbox 724 2000 838 2063; x_wconf 81' lang='lat' dir='ltr'>cedatl</span> <span class='ocrx_word' id='word_1_136' title='bbox 884 1997 973 2077; x_wconf 79' lang='lat' dir='ltr'>Quae</span> <span class='ocrx_word' id='word_1_137' title='bbox 994 1998 1174 2064; x_wconf 84' lang='lat' dir='ltr'>mehercule</span> <span class='ocrx_word' id='word_1_138' title='bbox 1198 2001 1311 2074; x_wconf 91' lang='lat' dir='ltr'>omnia,</span> <span class='ocrx_word' id='word_1_139' title='bbox 1336 2024 1434 2086; x_wconf 91' lang='lat' dir='ltr'>quum</span> 
     </span>
     <span class='ocr_line' id='line_1_17' title="bbox 232 2095 1431 2182; baseline 0.003 -23"><span class='ocrx_word' id='word_1_140' title='bbox 232 2096 285 2181; x_wconf 94' lang='lat' dir='ltr'>qui</span> <span class='ocrx_word' id='word_1_141' title='bbox 314 2104 426 2160; x_wconf 84' lang='lat' dir='ltr'>contra</span> <span class='ocrx_word' id='word_1_142' title='bbox 450 2102 593 2182; x_wconf 88' lang='lat' dir='ltr'>pugnent</span> <span class='ocrx_word' id='word_1_143' title='bbox 622 2095 713 2162; x_wconf 88' lang='lat' dir='ltr'>video</span> <span class='ocrx_word' id='word_1_144' title='bbox 739 2104 773 2161; x_wconf 91' lang='lat' dir='ltr'>et</span> <span class='ocrx_word' id='word_1_145' title='bbox 802 2118 900 2181; x_wconf 92' lang='lat' dir='ltr'>quum</span> <span class='ocrx_word' id='word_1_146' title='bbox 928 2096 1017 2159; x_wconf 89' lang='lat' dir='ltr'>illum</span> <span class='ocrx_word' id='word_1_147' title='bbox 1039 2118 1221 2161; x_wconf 85' lang='lat' dir='ltr'>consessum</span> <span class='ocrx_word' id='word_1_148' title='bbox 1256 2097 1431 2177; x_wconf 89' lang='lat' dir='ltr'>considero,</span> 
     </span>
     <span class='ocr_line' id='line_1_18' title="bbox 230 2192 1433 2280; baseline 0.005 -26"><span class='ocrx_word' id='word_1_149' title='bbox 230 2192 341 2255; x_wconf 86' lang='lat' dir='ltr'>adesse</span> <span class='ocrx_word' id='word_1_150' title='bbox 369 2200 465 2278; x_wconf 86' lang='lat' dir='ltr'>atque</span> <span class='ocrx_word' id='word_1_151' title='bbox 489 2194 668 2278; x_wconf 86' lang='lat' dir='ltr'>impendere</span> <span class='ocrx_word' id='word_1_152' title='bbox 696 2192 842 2257; x_wconf 86' lang='lat' dir='ltr'>videntur</span> <span class='ocrx_word' id='word_1_153' title='bbox 867 2214 970 2277; x_wconf 88' lang='lat' dir='ltr'>neque</span> <span class='ocrx_word' id='word_1_154' title='bbox 1000 2192 1094 2257; x_wconf 89' lang='lat' dir='ltr'>vitari</span> <span class='ocrx_word' id='word_1_155' title='bbox 1118 2194 1182 2257; x_wconf 91' lang='lat' dir='ltr'>ullo</span> <span class='ocrx_word' id='word_1_156' title='bbox 1210 2196 1306 2259; x_wconf 92' lang='lat' dir='ltr'>modo</span> <span class='ocrx_word' id='word_1_157' title='bbox 1329 2217 1433 2280; x_wconf 88' lang='lat' dir='ltr'>posse.</span> 
     </span>
     <span class='ocr_line' id='line_1_19' title="bbox 232 2288 1433 2379; baseline 0.005 -28"><span class='ocrx_word' id='word_1_158' title='bbox 232 2290 336 2369; x_wconf 75' lang='lat' dir='ltr'>Quum</span> <span class='ocrx_word' id='word_1_159' title='bbox 362 2296 471 2353; x_wconf 86' lang='lat' dir='ltr'>autem</span> <span class='ocrx_word' id='word_1_160' title='bbox 498 2290 539 2353; x_wconf 88' lang='lat' dir='ltr'>ad</span> <span class='ocrx_word' id='word_1_161' title='bbox 569 2297 611 2367; x_wconf 92' lang='lat' dir='ltr'>te,</span> <span class='ocrx_word' id='word_1_162' title='bbox 641 2290 676 2354; x_wconf 80' lang='lat' dir='ltr'>O.</span> <span class='ocrx_word' id='word_1_163' title='bbox 701 2288 831 2375; x_wconf 87' lang='lat' dir='ltr'>Aquilli,</span> <span class='ocrx_word' id='word_1_164' title='bbox 861 2290 969 2353; x_wconf 91' lang='lat' dir='ltr'>oculos</span> <span class='ocrx_word' id='word_1_165' title='bbox 997 2290 1197 2375; x_wconf 91' lang='lat' dir='ltr'>animumque</span> <span class='ocrx_word' id='word_1_166' title='bbox 1226 2293 1346 2371; x_wconf 89' lang='lat' dir='ltr'>rettuli,</span> <span class='ocrx_word' id='word_1_167' title='bbox 1371 2316 1433 2379; x_wconf 91' lang='lat' dir='ltr'>quo</span> 
     </span>
     <span class='ocr_line' id='line_1_20' title="bbox 231 2385 1432 2472; baseline 0.007 -25"><span class='ocrx_word' id='word_1_168' title='bbox 231 2386 350 2469; x_wconf 90' lang='lat' dir='ltr'>majore</span> <span class='ocrx_word' id='word_1_169' title='bbox 365 2393 481 2450; x_wconf 86' lang='lat' dir='ltr'>conatu</span> <span class='ocrx_word' id='word_1_170' title='bbox 496 2385 664 2470; x_wconf 86' lang='lat' dir='ltr'>studioque</span> <span class='ocrx_word' id='word_1_171' title='bbox 678 2393 826 2470; x_wconf 81' lang='lat' dir='ltr'>aguntur,</span> <span class='ocrx_word' id='word_1_172' title='bbox 842 2406 882 2449; x_wconf 89' lang='lat' dir='ltr'>eo</span> <span class='ocrx_word' id='word_1_173' title='bbox 895 2385 1013 2449; x_wconf 86' lang='lat' dir='ltr'>leviora</span> <span class='ocrx_word' id='word_1_174' title='bbox 1026 2386 1258 2472; x_wconf 87' lang='lat' dir='ltr'>infirmioraque</span> <span class='ocrx_word' id='word_1_175' title='bbox 1273 2388 1432 2455; x_wconf 80' lang='lat' dir='ltr'>existimo.</span> 
     </span>
     <span class='ocr_line' id='line_1_21' title="bbox 232 2480 943 2567; baseline 0.006 -24"><span class='ocrx_word' id='word_1_176' title='bbox 232 2480 318 2544; x_wconf 93' lang='lat' dir='ltr'>Nihil</span> <span class='ocrx_word' id='word_1_177' title='bbox 332 2482 431 2567; x_wconf 81' lang='lat' dir='ltr'>igitur</span> <span class='ocrx_word' id='word_1_178' title='bbox 445 2482 564 2561; x_wconf 90' lang='lat' dir='ltr'>debuit,</span> <span class='ocrx_word' id='word_1_179' title='bbox 581 2488 618 2545; x_wconf 93' lang='lat' dir='ltr'>ut</span> <span class='ocrx_word' id='word_1_180' title='bbox 632 2488 669 2545; x_wconf 91' lang='lat' dir='ltr'>tu</span> <span class='ocrx_word' id='word_1_181' title='bbox 684 2482 752 2567; x_wconf 90' lang='lat' dir='ltr'>ipae</span> <span class='ocrx_word' id='word_1_182' title='bbox 768 2482 943 2566; x_wconf 88' lang='lat' dir='ltr'>praedicas.</span> 
     </span>
    </p>

    <p class='ocr_par' dir='ltr' id='par_1_3' title="bbox 228 2578 1432 3436">
     <span class='ocr_line' id='line_1_22' title="bbox 276 2578 1432 2667; baseline 0.005 -26"><span class='ocrx_word' id='word_1_183' title='bbox 276 2580 360 2659; x_wconf 78' lang='lat' dir='ltr'>Quid</span> <span class='ocrx_word' id='word_1_184' title='bbox 388 2579 415 2642; x_wconf 91' lang='lat' dir='ltr'>si</span> <span class='ocrx_word' id='word_1_185' title='bbox 445 2578 620 2655; x_wconf 90' lang='lat' dir='ltr'>debuisset,</span> <span class='ocrx_word' id='word_1_186' title='bbox 655 2578 848 2642; x_wconf 79' lang='lat' dir='ltr'>continuone</span> <span class='ocrx_word' id='word_1_187' title='bbox 878 2600 993 2642; x_wconf 87' lang='lat' dir='ltr'>caussa</span> <span class='ocrx_word' id='word_1_188' title='bbox 1014 2578 1129 2644; x_wconf 81' lang='lat' dir='ltr'>fuisset</span> <span class='ocrx_word' id='word_1_189' title='bbox 1152 2602 1208 2644; x_wconf 90' lang='lat' dir='ltr'>cur</span> <span class='ocrx_word' id='word_1_190' title='bbox 1235 2601 1257 2644; x_wconf 91' lang='lat' dir='ltr'>a</span> <span class='ocrx_word' id='word_1_191' title='bbox 1284 2588 1432 2667; x_wconf 88' lang='lat' dir='ltr'>praetore</span> 
     </span>
     <span class='ocr_line' id='line_1_23' title="bbox 229 2675 1432 2764; baseline 0.002 -24"><span class='ocrx_word' id='word_1_192' title='bbox 229 2675 409 2760; x_wconf 86' lang='lat' dir='ltr'>postulares</span> <span class='ocrx_word' id='word_1_193' title='bbox 431 2685 470 2740; x_wconf 95' lang='lat' dir='ltr'>ut</span> <span class='ocrx_word' id='word_1_194' title='bbox 493 2677 577 2740; x_wconf 86' lang='lat' dir='ltr'>bona</span> <span class='ocrx_word' id='word_1_195' title='bbox 599 2675 798 2759; x_wconf 66' lang='lat' dir='ltr'>possideres?</span> <span class='ocrx_word' id='word_1_196' title='bbox 843 2675 917 2739; x_wconf 91' lang='lat' dir='ltr'>Non</span> <span class='ocrx_word' id='word_1_197' title='bbox 932 2677 1044 2762; x_wconf 90' lang='lat' dir='ltr'>opinor</span> <span class='ocrx_word' id='word_1_198' title='bbox 1067 2677 1099 2740; x_wconf 93' lang='lat' dir='ltr'>id</span> <span class='ocrx_word' id='word_1_199' title='bbox 1123 2677 1249 2762; x_wconf 88' lang='lat' dir='ltr'>quidem</span> <span class='ocrx_word' id='word_1_200' title='bbox 1264 2701 1366 2764; x_wconf 92' lang='lat' dir='ltr'>neque</span> <span class='ocrx_word' id='word_1_201' title='bbox 1377 2681 1432 2764; x_wconf 86' lang='lat' dir='ltr'>jus</span> 
     </span>
     <span class='ocr_line' id='line_1_24' title="bbox 229 2773 1431 2859; baseline 0.002 -22"><span class='ocrx_word' id='word_1_202' title='bbox 229 2796 301 2838; x_wconf 88' lang='lat' dir='ltr'>esse</span> <span class='ocrx_word' id='word_1_203' title='bbox 326 2794 429 2859; x_wconf 89' lang='lat' dir='ltr'>neque</span> <span class='ocrx_word' id='word_1_204' title='bbox 454 2773 602 2859; x_wconf 89' lang='lat' dir='ltr'>cuiquam</span> <span class='ocrx_word' id='word_1_205' title='bbox 625 2773 782 2856; x_wconf 87' lang='lat' dir='ltr'>expedire.</span> <span class='ocrx_word' id='word_1_206' title='bbox 828 2774 913 2853; x_wconf 75' lang='lat' dir='ltr'>Quid</span> <span class='ocrx_word' id='word_1_207' title='bbox 941 2774 1039 2856; x_wconf 78' lang='lat' dir='ltr'>igitur</span> <span class='ocrx_word' id='word_1_208' title='bbox 1067 2775 1288 2839; x_wconf 72' lang='lat' dir='ltr'>demonstrat!</span> <span class='ocrx_word' id='word_1_209' title='bbox 1331 2775 1431 2840; x_wconf 87' lang='lat' dir='ltr'>Vadi-</span> 
     </span>
     <span class='ocr_line' id='line_1_25' title="bbox 228 2868 1432 2954; baseline 0.004 -22"><span class='ocrx_word' id='word_1_210' title='bbox 228 2869 370 2932; x_wconf 91' lang='lat' dir='ltr'>monium</span> <span class='ocrx_word' id='word_1_211' title='bbox 384 2869 445 2932; x_wconf 92' lang='lat' dir='ltr'>sibi</span> <span class='ocrx_word' id='word_1_212' title='bbox 459 2868 507 2932; x_wconf 87' lang='lat' dir='ltr'>ait</span> <span class='ocrx_word' id='word_1_213' title='bbox 524 2889 594 2932; x_wconf 89' lang='lat' dir='ltr'>esse</span> <span class='ocrx_word' id='word_1_214' title='bbox 612 2869 784 2932; x_wconf 88' lang='lat' dir='ltr'>desertum.</span> <span class='ocrx_word' id='word_1_215' title='bbox 829 2869 913 2934; x_wconf 90' lang='lat' dir='ltr'>XV.</span> <span class='ocrx_word' id='word_1_216' title='bbox 936 2869 1119 2954; x_wconf 87' lang='lat' dir='ltr'>Antequam</span> <span class='ocrx_word' id='word_1_217' title='bbox 1139 2871 1239 2934; x_wconf 90' lang='lat' dir='ltr'>doceo</span> <span class='ocrx_word' id='word_1_218' title='bbox 1255 2871 1288 2935; x_wconf 94' lang='lat' dir='ltr'>id</span> <span class='ocrx_word' id='word_1_219' title='bbox 1310 2873 1432 2938; x_wconf 85' lang='lat' dir='ltr'>lactum</span> 
     </span>
     <span class='ocr_line' id='line_1_26' title="bbox 228 2964 1431 3052; baseline 0.002 -22"><span class='ocrx_word' id='word_1_220' title='bbox 228 2988 294 3030; x_wconf 93' lang='lat' dir='ltr'>non</span> <span class='ocrx_word' id='word_1_221' title='bbox 309 2987 388 3042; x_wconf 88' lang='lat' dir='ltr'>esse,</span> <span class='ocrx_word' id='word_1_222' title='bbox 404 2966 481 3030; x_wconf 93' lang='lat' dir='ltr'>libet</span> <span class='ocrx_word' id='word_1_223' title='bbox 496 2965 582 3040; x_wconf 91' lang='lat' dir='ltr'>mibi,</span> <span class='ocrx_word' id='word_1_224' title='bbox 601 2965 636 3028; x_wconf 81' lang='grc' dir='ltr'>Ο.</span> <span class='ocrx_word' id='word_1_225' title='bbox 653 2964 782 3050; x_wconf 87' lang='lat' dir='ltr'>Aquilli,</span> <span class='ocrx_word' id='word_1_226' title='bbox 800 2987 840 3029; x_wconf 84' lang='lat' dir='ltr'>ex</span> <span class='ocrx_word' id='word_1_227' title='bbox 862 2965 956 3029; x_wconf 88' lang='lat' dir='ltr'>officii</span> <span class='ocrx_word' id='word_1_228' title='bbox 974 2966 1098 3030; x_wconf 86' lang='lat' dir='ltr'>ratione</span> <span class='ocrx_word' id='word_1_229' title='bbox 1116 2975 1214 3052; x_wconf 88' lang='lat' dir='ltr'>atque</span> <span class='ocrx_word' id='word_1_230' title='bbox 1228 2990 1269 3032; x_wconf 84' lang='lat' dir='ltr'>ex</span> <span class='ocrx_word' id='word_1_231' title='bbox 1291 2970 1431 3034; x_wconf 91' lang='lat' dir='ltr'>omnium</span> 
     </span>
     <span class='ocr_line' id='line_1_27' title="bbox 229 3061 1430 3146; baseline 0.003 -18"><span class='ocrx_word' id='word_1_232' title='bbox 229 3063 458 3128; x_wconf 85' lang='lat' dir='ltr'>consuetudine</span> <span class='ocrx_word' id='word_1_233' title='bbox 482 3085 549 3128; x_wconf 90' lang='lat' dir='ltr'>rem</span> <span class='ocrx_word' id='word_1_234' title='bbox 572 3061 673 3146; x_wconf 90' lang='lat' dir='ltr'>ipsam</span> <span class='ocrx_word' id='word_1_235' title='bbox 696 3069 731 3126; x_wconf 92' lang='lat' dir='ltr'>et</span> <span class='ocrx_word' id='word_1_236' title='bbox 748 3063 867 3128; x_wconf 82' lang='lat' dir='ltr'>laetum</span> <span class='ocrx_word' id='word_1_237' title='bbox 882 3061 974 3126; x_wconf 87' lang='lat' dir='ltr'>simul</span> <span class='ocrx_word' id='word_1_238' title='bbox 998 3062 1072 3127; x_wconf 85' lang='lat' dir='ltr'>Sex.</span> <span class='ocrx_word' id='word_1_239' title='bbox 1089 3063 1200 3127; x_wconf 88' lang='lat' dir='ltr'>Naevii</span> <span class='ocrx_word' id='word_1_240' title='bbox 1220 3065 1430 3132; x_wconf 86' lang='lat' dir='ltr'>considerare.</span> 
     </span>
     <span class='ocr_line' id='line_1_28' title="bbox 230 3159 1430 3244; baseline 0.003 -21"><span class='ocrx_word' id='word_1_241' title='bbox 230 3161 284 3223; x_wconf 89' lang='lat' dir='ltr'>Ad</span> <span class='ocrx_word' id='word_1_242' title='bbox 299 3160 510 3224; x_wconf 81' lang='lat' dir='ltr'>vadimonium</span> <span class='ocrx_word' id='word_1_243' title='bbox 533 3181 596 3222; x_wconf 94' lang='lat' dir='ltr'>non</span> <span class='ocrx_word' id='word_1_244' title='bbox 610 3167 749 3236; x_wconf 85' lang='lat' dir='ltr'>venerat,</span> <span class='ocrx_word' id='word_1_245' title='bbox 774 3159 892 3236; x_wconf 79' lang='lat' dir='ltr'>uteie,</span> <span class='ocrx_word' id='word_1_246' title='bbox 917 3159 945 3222; x_wconf 87' lang='lat' dir='ltr'>is</span> <span class='ocrx_word' id='word_1_247' title='bbox 966 3160 1093 3244; x_wconf 90' lang='lat' dir='ltr'>quicum</span> <span class='ocrx_word' id='word_1_248' title='bbox 1119 3161 1178 3224; x_wconf 91' lang='lat' dir='ltr'>tibi</span> <span class='ocrx_word' id='word_1_249' title='bbox 1203 3161 1350 3240; x_wconf 85' lang='lat' dir='ltr'>affinitas,</span> <span class='ocrx_word' id='word_1_250' title='bbox 1380 3185 1430 3226; x_wconf 88' lang='lat' dir='ltr'>so-</span> 
     </span>
     <span class='ocr_line' id='line_1_29' title="bbox 229 3255 1430 3340; baseline 0.003 -22"><span class='ocrx_word' id='word_1_251' title='bbox 229 3255 338 3336; x_wconf 88' lang='lat' dir='ltr'>cietas,</span> <span class='ocrx_word' id='word_1_252' title='bbox 363 3279 472 3320; x_wconf 92' lang='lat' dir='ltr'>omnes</span> <span class='ocrx_word' id='word_1_253' title='bbox 487 3255 624 3340; x_wconf 89' lang='lat' dir='ltr'>denique</span> <span class='ocrx_word' id='word_1_254' title='bbox 641 3278 772 3320; x_wconf 84' lang='lat' dir='ltr'>caussae</span> <span class='ocrx_word' id='word_1_255' title='bbox 796 3262 830 3320; x_wconf 92' lang='lat' dir='ltr'>et</span> <span class='ocrx_word' id='word_1_256' title='bbox 850 3256 1100 3321; x_wconf 88' lang='lat' dir='ltr'>necessitudines</span> <span class='ocrx_word' id='word_1_257' title='bbox 1119 3267 1242 3322; x_wconf 84' lang='lat' dir='ltr'>veteres</span> <span class='ocrx_word' id='word_1_258' title='bbox 1256 3257 1430 3322; x_wconf 89' lang='lat' dir='ltr'>intercede·</span> 
     </span>
     <span class='ocr_line' id='line_1_30' title="bbox 229 3352 1431 3436; baseline 0.002 -20"><span class='ocrx_word' id='word_1_259' title='bbox 229 3353 318 3417; x_wconf 90' lang='lat' dir='ltr'>bant.</span> <span class='ocrx_word' id='word_1_260' title='bbox 365 3353 496 3416; x_wconf 90' lang='lat' dir='ltr'>lllicone</span> <span class='ocrx_word' id='word_1_261' title='bbox 519 3353 560 3415; x_wconf 88' lang='lat' dir='ltr'>ad</span> <span class='ocrx_word' id='word_1_262' title='bbox 581 3360 760 3436; x_wconf 85' lang='lat' dir='ltr'>praetorem</span> <span class='ocrx_word' id='word_1_263' title='bbox 777 3352 824 3416; x_wconf 88' lang='lat' dir='ltr'>ire</span> <span class='ocrx_word' id='word_1_264' title='bbox 838 3353 1008 3417; x_wconf 81' lang='lat' dir='ltr'>convenitl</span> <span class='ocrx_word' id='word_1_265' title='bbox 1030 3354 1221 3419; x_wconf 89' lang='lat' dir='ltr'>continuone</span> <span class='ocrx_word' id='word_1_266' title='bbox 1235 3377 1345 3418; x_wconf 86' lang='lat' dir='ltr'>verum</span> <span class='ocrx_word' id='word_1_267' title='bbox 1369 3356 1431 3419; x_wconf 87' lang='lat' dir='ltr'>suit</span> 
     </span>
    </p>
   </div>
   <div class='ocr_carea' id='block_1_3' title="bbox 225 3523 1430 4612">
    <p class='ocr_par' dir='ltr' id='par_1_4' title="bbox 225 3523 1430 4612">
     <span class='ocr_line' id='line_1_31' title="bbox 228 3523 1430 3588; baseline 0.006 -18"><span class='ocrx_word' id='word_1_268' title='bbox 228 3528 254 3570; x_wconf 88' lang='lat' dir='ltr'>to</span> <span class='ocrx_word' id='word_1_269' title='bbox 272 3523 309 3571; x_wconf 86' lang='lat' dir='ltr'>hia</span> <span class='ocrx_word' id='word_1_270' title='bbox 320 3524 411 3585; x_wconf 79' lang='lat' dir='ltr'>alleged</span> <span class='ocrx_word' id='word_1_271' title='bbox 428 3523 565 3573; x_wconf 81' lang='lat' dir='ltr'>fraudulent</span> <span class='ocrx_word' id='word_1_272' title='bbox 579 3525 813 3588; x_wconf 65' lang='lat' dir='ltr'>conduct-‘mm</span> <span class='ocrx_word' id='word_1_273' title='bbox 845 3525 956 3586; x_wconf 76' lang='lat' dir='ltr'>nothing.</span> <span class='ocrx_word' id='word_1_274' title='bbox 989 3525 1039 3573; x_wconf 78' lang='lat' dir='ltr'>aut</span> <span class='ocrx_word' id='word_1_275' title='bbox 1055 3525 1078 3574; x_wconf 81' lang='lat' dir='ltr'>is</span> <span class='ocrx_word' id='word_1_276' title='bbox 1092 3525 1147 3574; x_wconf 89' lang='lat' dir='ltr'>that</span> <span class='ocrx_word' id='word_1_277' title='bbox 1163 3541 1225 3574; x_wconf 79' lang='lat' dir='ltr'>wera</span> <span class='ocrx_word' id='word_1_278' title='bbox 1243 3541 1279 3584; x_wconf 86' lang='lat' dir='ltr'>ao,</span> <span class='ocrx_word' id='word_1_279' title='bbox 1294 3527 1364 3575; x_wconf 85' lang='lat' dir='ltr'>thena</span> <span class='ocrx_word' id='word_1_280' title='bbox 1379 3529 1430 3578; x_wconf 80' lang='lat' dir='ltr'>atrll</span> 
     </span>
     <span class='ocr_line' id='line_1_32' title="bbox 229 3587 1429 3655; baseline 0.004 -22"><span class='ocrx_word' id='word_1_281' title='bbox 229 3587 319 3634; x_wconf 86' lang='lat' dir='ltr'>aionem</span> <span class='ocrx_word' id='word_1_282' title='bbox 331 3588 361 3636; x_wconf 85' lang='lat' dir='ltr'>de</span> <span class='ocrx_word' id='word_1_283' title='bbox 372 3589 460 3650; x_wconf 88' lang='lat' dir='ltr'>probro</span> <span class='ocrx_word' id='word_1_284' title='bbox 470 3589 485 3635; x_wconf 87' lang='lat'>:&#39;</span> <span class='ocrx_word' id='word_1_285' title='bbox 502 3590 559 3638; x_wconf 87' lang='lat' dir='ltr'>bere</span> <span class='ocrx_word' id='word_1_286' title='bbox 573 3589 605 3637; x_wconf 86' lang='lat' dir='ltr'>be</span> <span class='ocrx_word' id='word_1_287' title='bbox 616 3590 636 3638; x_wconf 89' lang='lat' dir='ltr'>ia</span> <span class='ocrx_word' id='word_1_288' title='bbox 647 3590 716 3651; x_wconf 77' lang='lat' dir='ltr'>again</span> <span class='ocrx_word' id='word_1_289' title='bbox 728 3605 759 3636; x_wconf 91' lang='lat' dir='ltr'>on</span> <span class='ocrx_word' id='word_1_290' title='bbox 771 3589 813 3642; x_wconf 77' lang='lat' dir='ltr'>tbe</span> <span class='ocrx_word' id='word_1_291' title='bbox 845 3589 968 3636; x_wconf 87' lang='lat' dir='ltr'>remained</span> <span class='ocrx_word' id='word_1_292' title='bbox 978 3605 993 3636; x_wconf 89' lang='lat' dir='ltr'>a</span> <span class='ocrx_word' id='word_1_293' title='bbox 1003 3590 1096 3652; x_wconf 77' lang='lat' dir='ltr'>ground</span> <span class='ocrx_word' id='word_1_294' title='bbox 1105 3591 1142 3637; x_wconf 83' lang='lat' dir='ltr'>for</span> <span class='ocrx_word' id='word_1_295' title='bbox 1150 3592 1240 3650; x_wconf 79' lang='lat' dir='ltr'>aeizing</span> <span class='ocrx_word' id='word_1_296' title='bbox 1251 3591 1289 3638; x_wconf 86' lang='lat' dir='ltr'>hia</span> <span class='ocrx_word' id='word_1_297' title='bbox 1300 3599 1429 3655; x_wconf 57' lang='lat' dir='ltr'>propert„</span> 
     </span>
     <span class='ocr_line' id='line_1_33' title="bbox 229 3651 1428 3715; baseline 0.006 -18"><span class='ocrx_word' id='word_1_298' title='bbox 229 3651 270 3698; x_wconf 91' lang='lat' dir='ltr'>old</span> <span class='ocrx_word' id='word_1_299' title='bbox 292 3652 392 3713; x_wconf 81' lang='lat' dir='ltr'>subject.</span> <span class='ocrx_word' id='word_1_300' title='bbox 437 3654 462 3700; x_wconf 85' lang='lat' dir='ltr'>lt</span> <span class='ocrx_word' id='word_1_301' title='bbox 479 3669 527 3701; x_wconf 80' lang='lat' dir='ltr'>naa</span> <span class='ocrx_word' id='word_1_302' title='bbox 548 3658 593 3701; x_wconf 90' lang='lat' dir='ltr'>not</span> <span class='ocrx_word' id='word_1_303' title='bbox 614 3669 629 3700; x_wconf 87' lang='lat' dir='ltr'>a</span> <span class='ocrx_word' id='word_1_304' title='bbox 651 3653 762 3715; x_wconf 88' lang='lat' dir='ltr'>‘sponsio</span> <span class='ocrx_word' id='word_1_305' title='bbox 784 3653 814 3700; x_wconf 86' lang='lat' dir='ltr'>de</span> <span class='ocrx_word' id='word_1_306' title='bbox 845 3653 894 3700; x_wconf 85' lang='lat' dir='ltr'>and</span> <span class='ocrx_word' id='word_1_307' title='bbox 911 3653 960 3700; x_wconf 85' lang='lat' dir='ltr'>thia</span> <span class='ocrx_word' id='word_1_308' title='bbox 975 3653 1070 3714; x_wconf 76' lang='lat' dir='ltr'>ground</span> <span class='ocrx_word' id='word_1_309' title='bbox 1085 3654 1114 3710; x_wconf 88' lang='lat' dir='ltr'>ia,</span> <span class='ocrx_word' id='word_1_310' title='bbox 1126 3655 1180 3701; x_wconf 85' lang='lat' dir='ltr'>that</span> <span class='ocrx_word' id='word_1_311' title='bbox 1191 3655 1313 3712; x_wconf 77' lang='lat' dir='ltr'>Quintius,</span> <span class='ocrx_word' id='word_1_312' title='bbox 1324 3671 1351 3702; x_wconf 85' lang='lat' dir='ltr'>aa</span> <span class='ocrx_word' id='word_1_313' title='bbox 1362 3657 1428 3705; x_wconf 87' lang='lat' dir='ltr'>Nae·</span> 
     </span>
     <span class='ocr_line' id='line_1_34' title="bbox 228 3714 1430 3781; baseline 0.005 -19"><span class='ocrx_word' id='word_1_314' title='bbox 228 3714 334 3776; x_wconf 87' lang='lat' dir='ltr'>probro,’</span> <span class='ocrx_word' id='word_1_315' title='bbox 352 3717 422 3764; x_wconf 89' lang='lat' dir='ltr'>buta</span> <span class='ocrx_word' id='word_1_316' title='bbox 434 3722 440 3744; x_wconf 87' lang='lat'>‘</span> <span class='ocrx_word' id='word_1_317' title='bbox 451 3718 548 3778; x_wconf 84' lang='lat' dir='ltr'>sponsio</span> <span class='ocrx_word' id='word_1_318' title='bbox 559 3715 570 3750; x_wconf 91' lang='grc'>’-</span> <span class='ocrx_word' id='word_1_319' title='bbox 585 3717 660 3765; x_wconf 88' lang='lat' dir='ltr'>about</span> <span class='ocrx_word' id='word_1_320' title='bbox 678 3717 719 3764; x_wconf 85' lang='lat' dir='ltr'>the</span> <span class='ocrx_word' id='word_1_321' title='bbox 730 3717 778 3764; x_wconf 82' lang='lat' dir='ltr'>lact</span> <span class='ocrx_word' id='word_1_322' title='bbox 789 3717 815 3764; x_wconf 88' lang='lat' dir='ltr'>ol</span> <span class='ocrx_word' id='word_1_323' title='bbox 844 3717 898 3764; x_wconf 82' lang='lat' dir='ltr'>vius</span> <span class='ocrx_word' id='word_1_324' title='bbox 910 3717 1010 3777; x_wconf 73' lang='lat' dir='ltr'>alleged,</span> <span class='ocrx_word' id='word_1_325' title='bbox 1026 3717 1074 3763; x_wconf 81' lang='lat' dir='ltr'>had</span> <span class='ocrx_word' id='word_1_326' title='bbox 1091 3723 1136 3765; x_wconf 88' lang='lat' dir='ltr'>not</span> <span class='ocrx_word' id='word_1_327' title='bbox 1150 3719 1219 3765; x_wconf 87' lang='lat' dir='ltr'>made</span> <span class='ocrx_word' id='word_1_328' title='bbox 1235 3734 1267 3766; x_wconf 83' lang='lat' dir='ltr'>aa</span> <span class='ocrx_word' id='word_1_329' title='bbox 1282 3735 1430 3781; x_wconf 76' lang='lat' dir='ltr'>appearance</span> 
     </span>
     <span class='ocr_line' id='line_1_35' title="bbox 228 3779 1398 3858; baseline 0.001 -30"><span class='ocrx_word' id='word_1_330' title='bbox 228 3781 413 3841; x_wconf 76' lang='lat' dir='ltr'>possession-⁶</span> <span class='ocrx_word' id='word_1_331' title='bbox 422 3781 482 3828; x_wconf 90' lang='lat' dir='ltr'>adeo</span> <span class='ocrx_word' id='word_1_332' title='bbox 492 3779 508 3828; x_wconf 85' lang='lat'>:’</span> <span class='ocrx_word' id='word_1_333' title='bbox 525 3781 580 3829; x_wconf 88' lang='lat' dir='ltr'>Vol.</span> <span class='ocrx_word' id='word_1_334' title='bbox 594 3781 615 3828; x_wconf 92' lang='lat'>1.</span> <span class='ocrx_word' id='word_1_335' title='bbox 627 3781 709 3828; x_wconf 82' lang='lat' dir='ltr'>Divln.</span> <span class='ocrx_word' id='word_1_336' title='bbox 721 3796 742 3828; x_wconf 91' lang='lat' dir='ltr'>c.</span> <span class='ocrx_word' id='word_1_337' title='bbox 755 3782 794 3828; x_wconf 81' lang='lat'>21.</span> <span class='ocrx_word' id='word_1_338' title='bbox 844 3781 914 3828; x_wconf 71' lang='lat' dir='ltr'>uben</span> <span class='ocrx_word' id='word_1_339' title='bbox 925 3781 957 3828; x_wconf 88' lang='lat' dir='ltr'>bc</span> <span class='ocrx_word' id='word_1_340' title='bbox 967 3781 1043 3841; x_wconf 74' lang='lat' dir='ltr'>ought</span> <span class='ocrx_word' id='word_1_341' title='bbox 1053 3786 1079 3828; x_wconf 83' lang='lat' dir='ltr'>to</span> <span class='ocrx_word' id='word_1_342' title='bbox 1090 3781 1232 3856; x_wconf 28' lang='lat' dir='ltr'>haveudone.</span> <span class='ocrx_word' id='word_1_343' title='bbox 1392 3846 1398 3858; x_wconf 39' lang='lat'>⁸</span> 
     </span>
     <span class='ocr_line' id='line_1_36' title="bbox 228 3843 1430 3970; baseline 0.002 -16"><span class='ocrx_word' id='word_1_344' title='bbox 228 3844 814 3969; x_wconf 50' lang='lat' dir='ltr'>manutenuimus</span> <span class='ocrx_word' id='word_1_345' title='bbox 845 3843 1430 3970; x_wconf 53' lang='lat' dir='ltr'>tltrutluttantmru</span> 
     </span>
     <span class='ocr_line' id='line_1_37' title="bbox 227 3971 1429 4035; baseline 0.002 -17"><span class='ocrx_word' id='word_1_346' title='bbox 227 3971 468 4020; x_wconf 74' lang='lat' dir='ltr'>outhe¹aubaellia’</span> <span class='ocrx_word' id='word_1_347' title='bbox 503 3973 813 4035; x_wconf 85' lang='lat' dir='ltr'>Compara‘apraeeonum</span> <span class='ocrx_word' id='word_1_348' title='bbox 846 3971 960 4019; x_wconf 77' lang='lat' dir='ltr'>att.ii.1</span> <span class='ocrx_word' id='word_1_349' title='bbox 987 3985 1050 4031; x_wconf 84' lang='lat' dir='ltr'>aaya,</span> <span class='ocrx_word' id='word_1_350' title='bbox 1062 3975 1076 3997; x_wconf 84' lang='lat'>‘⁴</span> <span class='ocrx_word' id='word_1_351' title='bbox 1100 3972 1352 4034; x_wconf 85' lang='lat' dir='ltr'>uidveriuaquamin</span> <span class='ocrx_word' id='word_1_352' title='bbox 1364 3972 1429 4033; x_wconf 81' lang='lat' dir='ltr'>judi·</span> 
     </span>
     <span class='ocr_line' id='line_1_38' title="bbox 227 3987 1430 4100; baseline 0 -16"><span class='ocrx_word' id='word_1_353' title='bbox 227 4035 356 4084; x_wconf 87' lang='lat' dir='ltr'>aonaesan’</span> <span class='ocrx_word' id='word_1_354' title='bbox 369 4033 445 4100; x_wconf 75' lang='lat' dir='ltr'>(ed).</span> <span class='ocrx_word' id='word_1_355' title='bbox 464 4036 630 4090; x_wconf 68' lang='lat' dir='ltr'>‘Consecuta&#39;</span> <span class='ocrx_word' id='word_1_356' title='bbox 639 4052 654 4083; x_wconf 88' lang='lat' dir='ltr'>a</span> <span class='ocrx_word' id='word_1_357' title='bbox 668 4037 767 4096; x_wconf 79' lang='lat' dir='ltr'>‘sitting</span> <span class='ocrx_word' id='word_1_358' title='bbox 775 4041 812 4082; x_wconf 90' lang='lat' dir='ltr'>tc-</span> <span class='ocrx_word' id='word_1_359' title='bbox 845 4034 909 4081; x_wconf 87' lang='lat' dir='ltr'>cium</span> <span class='ocrx_word' id='word_1_360' title='bbox 919 4034 1001 4080; x_wconf 79' lang='lat' dir='ltr'>venire</span> <span class='ocrx_word' id='word_1_361' title='bbox 1017 4034 1059 4095; x_wconf 87' lang='lat' dir='ltr'>qui</span> <span class='ocrx_word' id='word_1_362' title='bbox 1073 3987 1105 4081; x_wconf 70' lang='lat' dir='ltr'>ola</span> <span class='ocrx_word' id='word_1_363' title='bbox 1120 4050 1170 4082; x_wconf 87' lang='lat' dir='ltr'>rem</span> <span class='ocrx_word' id='word_1_364' title='bbox 1185 4035 1339 4095; x_wconf 87' lang='lat' dir='ltr'>judicandam</span> <span class='ocrx_word' id='word_1_365' title='bbox 1357 4051 1430 4096; x_wconf 88' lang='lat' dir='ltr'>pecu-</span> 
     </span>
     <span class='ocr_line' id='line_1_39' title="bbox 226 4097 1430 4162; baseline 0.002 -16"><span class='ocrx_word' id='word_1_366' title='bbox 226 4099 327 4160; x_wconf 74' lang='lat' dir='ltr'>gether,’</span> <span class='ocrx_word' id='word_1_367' title='bbox 343 4101 395 4148; x_wconf 88' lang='lat' dir='ltr'>alao</span> <span class='ocrx_word' id='word_1_368' title='bbox 406 4115 488 4149; x_wconf 86' lang='lat' dir='ltr'>meana</span> <span class='ocrx_word' id='word_1_369' title='bbox 500 4117 546 4162; x_wconf 81' lang='lat' dir='ltr'>any</span> <span class='ocrx_word' id='word_1_370' title='bbox 557 4099 659 4148; x_wconf 87' lang='lat' dir='ltr'>number</span> <span class='ocrx_word' id='word_1_371' title='bbox 674 4101 703 4148; x_wconf 82' lang='lat' dir='ltr'>os</span> <span class='ocrx_word' id='word_1_372' title='bbox 713 4114 813 4160; x_wconf 86' lang='lat' dir='ltr'>persona</span> <span class='ocrx_word' id='word_1_373' title='bbox 845 4097 910 4144; x_wconf 87' lang='lat' dir='ltr'>niam</span> <span class='ocrx_word' id='word_1_374' title='bbox 922 4097 1067 4159; x_wconf 88' lang='lat' dir='ltr'>acceperit.”</span> <span class='ocrx_word' id='word_1_375' title='bbox 1100 4097 1146 4146; x_wconf 87' lang='lat' dir='ltr'>See</span> <span class='ocrx_word' id='word_1_376' title='bbox 1160 4098 1255 4154; x_wconf 83' lang='lat' dir='ltr'>Caesar,</span> <span class='ocrx_word' id='word_1_377' title='bbox 1271 4099 1301 4146; x_wconf 91' lang='grc' dir='ltr'>Β.</span> <span class='ocrx_word' id='word_1_378' title='bbox 1313 4099 1343 4147; x_wconf 87' lang='lat' dir='ltr'>G.</span> <span class='ocrx_word' id='word_1_379' title='bbox 1357 4101 1388 4147; x_wconf 83' lang='lat' dir='ltr'>iv.</span> <span class='ocrx_word' id='word_1_380' title='bbox 1405 4103 1430 4161; x_wconf 82' lang='grc'>8,</span> 
     </span>
     <span class='ocr_line' id='line_1_40' title="bbox 227 4161 1428 4225; baseline 0.002 -15"><span class='ocrx_word' id='word_1_381' title='bbox 227 4164 311 4225; x_wconf 77' lang='lat' dir='ltr'>sitting</span> <span class='ocrx_word' id='word_1_382' title='bbox 331 4165 449 4225; x_wconf 77' lang='lat' dir='ltr'>together,</span> <span class='ocrx_word' id='word_1_383' title='bbox 468 4171 499 4211; x_wconf 86' lang='lat' dir='ltr'>‘a</span> <span class='ocrx_word' id='word_1_384' title='bbox 520 4179 638 4225; x_wconf 85' lang='lat' dir='ltr'>company</span> <span class='ocrx_word' id='word_1_385' title='bbox 654 4178 682 4210; x_wconf 91' lang='lat' dir='ltr'>or</span> <span class='ocrx_word' id='word_1_386' title='bbox 703 4163 811 4224; x_wconf 63' lang='lat' dir='ltr'>society!</span> <span class='ocrx_word' id='word_1_387' title='bbox 844 4161 892 4209; x_wconf 87' lang='lat' dir='ltr'>and</span> <span class='ocrx_word' id='word_1_388' title='bbox 902 4161 1003 4219; x_wconf 86' lang='lat' dir='ltr'>Horace,</span> <span class='ocrx_word' id='word_1_389' title='bbox 1014 4163 1063 4210; x_wconf 81' lang='lat' dir='ltr'>Sat</span> <span class='ocrx_word' id='word_1_390' title='bbox 1071 4161 1127 4210; x_wconf 82' lang='lat' dir='ltr'>ii.³.</span> <span class='ocrx_word' id='word_1_391' title='bbox 1135 4178 1159 4210; x_wconf 76' lang='grc' dir='ltr'>ι.</span> <span class='ocrx_word' id='word_1_392' title='bbox 1168 4163 1314 4224; x_wconf 58' lang='lat' dir='ltr'>arnapa.</span> <span class='ocrx_word' id='word_1_393' title='bbox 1322 4165 1345 4218; x_wconf 87' lang='lat'>7.</span> <span class='ocrx_word' id='word_1_394' title='bbox 1355 4180 1378 4212; x_wconf 87' lang='grc' dir='ltr'>ιι.</span> <span class='ocrx_word' id='word_1_395' title='bbox 1388 4167 1428 4214; x_wconf 84' lang='grc'>98.</span> 
     </span>
     <span class='ocr_line' id='line_1_41' title="bbox 227 4225 1430 4289; baseline 0.002 -14"><span class='ocrx_word' id='word_1_396' title='bbox 227 4228 289 4275; x_wconf 85' lang='lat' dir='ltr'>“Ut</span> <span class='ocrx_word' id='word_1_397' title='bbox 311 4229 416 4289; x_wconf 87' lang='lat' dir='ltr'>primum</span> <span class='ocrx_word' id='word_1_398' title='bbox 438 4228 530 4289; x_wconf 81' lang='lat' dir='ltr'>jndices</span> <span class='ocrx_word' id='word_1_399' title='bbox 553 4227 721 4284; x_wconf 82' lang='lat' dir='ltr'>consederunt,</span> <span class='ocrx_word' id='word_1_400' title='bbox 744 4227 812 4275; x_wconf 79' lang='lat' dir='ltr'>valde</span> <span class='ocrx_word' id='word_1_401' title='bbox 844 4225 1057 4274; x_wconf 82' lang='lat' dir='ltr'>—¹uanvenira:&#39;</span> <span class='ocrx_word' id='word_1_402' title='bbox 1074 4226 1240 4288; x_wconf 73' lang='lat' dir='ltr'>‘tohappem’</span> <span class='ocrx_word' id='word_1_403' title='bbox 1258 4233 1299 4276; x_wconf 78' lang='lat' dir='ltr'>‘to</span> <span class='ocrx_word' id='word_1_404' title='bbox 1318 4243 1386 4276; x_wconf 88' lang='lat' dir='ltr'>come</span> <span class='ocrx_word' id='word_1_405' title='bbox 1402 4231 1430 4278; x_wconf 88' lang='lat' dir='ltr'>in</span> 
     </span>
     <span class='ocr_line' id='line_1_42' title="bbox 226 4290 1430 4354; baseline 0.002 -16"><span class='ocrx_word' id='word_1_406' title='bbox 226 4291 396 4340; x_wconf 83' lang='lat' dir='ltr'>diffideraboni</span> <span class='ocrx_word' id='word_1_407' title='bbox 408 4296 553 4354; x_wconf 87' lang='lat' dir='ltr'>coeperunt:</span> <span class='ocrx_word' id='word_1_408' title='bbox 572 4292 693 4338; x_wconf 91' lang='lat' dir='ltr'>nonenim</span> <span class='ocrx_word' id='word_1_409' title='bbox 705 4307 812 4352; x_wconf 87' lang='lat' dir='ltr'>unquam</span> <span class='ocrx_word' id='word_1_410' title='bbox 844 4290 887 4337; x_wconf 90' lang='lat' dir='ltr'>the</span> <span class='ocrx_word' id='word_1_411' title='bbox 906 4305 959 4352; x_wconf 78' lang='lat' dir='ltr'>way</span> <span class='ocrx_word' id='word_1_412' title='bbox 978 4291 1006 4336; x_wconf 86' lang='lat' dir='ltr'>ol</span> <span class='ocrx_word' id='word_1_413' title='bbox 1025 4292 1165 4351; x_wconf 83' lang='lat' dir='ltr'>experienca</span> <span class='ocrx_word' id='word_1_414' title='bbox 1187 4291 1214 4338; x_wconf 88' lang='lat' dir='ltr'>ol</span> <span class='ocrx_word' id='word_1_415' title='bbox 1233 4291 1290 4340; x_wconf 81' lang='lat' dir='ltr'>lile&#39;</span> <span class='ocrx_word' id='word_1_416' title='bbox 1333 4293 1430 4346; x_wconf 81' lang='lat' dir='ltr'>“Quod</span> 
     </span>
     <span class='ocr_line' id='line_1_43' title="bbox 226 4354 1430 4419; baseline 0.002 -17"><span class='ocrx_word' id='word_1_417' title='bbox 226 4356 319 4417; x_wconf 83' lang='lat' dir='ltr'>turpior</span> <span class='ocrx_word' id='word_1_418' title='bbox 330 4357 355 4403; x_wconf 91' lang='lat' dir='ltr'>in</span> <span class='ocrx_word' id='word_1_419' title='bbox 366 4357 423 4404; x_wconf 91' lang='lat' dir='ltr'>ludo</span> <span class='ocrx_word' id='word_1_420' title='bbox 434 4357 519 4404; x_wconf 83' lang='lat' dir='ltr'>talario</span> <span class='ocrx_word' id='word_1_421' title='bbox 530 4370 657 4404; x_wconf 74' lang='lat' dir='ltr'>causeam</span> <span class='ocrx_word' id='word_1_422' title='bbox 665 4355 728 4404; x_wconf 70' lang='lat' dir='ltr'>fuir’</span> <span class='ocrx_word' id='word_1_423' title='bbox 747 4355 808 4417; x_wconf 87' lang='lat' dir='ltr'>(Cic.</span> <span class='ocrx_word' id='word_1_424' title='bbox 842 4354 901 4400; x_wconf 88' lang='lat' dir='ltr'>haee</span> <span class='ocrx_word' id='word_1_425' title='bbox 909 4355 939 4400; x_wconf 91' lang='lat' dir='ltr'>de</span> <span class='ocrx_word' id='word_1_426' title='bbox 945 4354 1139 4414; x_wconf 77' lang='lat' dir='ltr'>Vercingetorige</span> <span class='ocrx_word' id='word_1_427' title='bbox 1149 4369 1195 4402; x_wconf 85' lang='lat' dir='ltr'>nan</span> <span class='ocrx_word' id='word_1_428' title='bbox 1204 4362 1305 4404; x_wconf 85' lang='lat' dir='ltr'>ventura</span> <span class='ocrx_word' id='word_1_429' title='bbox 1316 4358 1430 4419; x_wconf 87' lang='lat' dir='ltr'>opinione</span> 
     </span>
     <span class='ocr_line' id='line_1_44' title="bbox 225 4417 1428 4485; baseline 0.002 -18"><span class='ocrx_word' id='word_1_430' title='bbox 225 4419 328 4468; x_wconf 66' lang='lat' dir='ltr'>adas</span> <span class='ocrx_word' id='word_1_431' title='bbox 340 4421 356 4468; x_wconf 89' lang='lat' dir='ltr'>l.</span> <span class='ocrx_word' id='word_1_432' title='bbox 371 4419 421 4482; x_wconf 82' lang='grc'><strong>16).</strong></span> <span class='ocrx_word' id='word_1_433' title='bbox 843 4417 1013 4478; x_wconf 76' lang='lat' dir='ltr'>pmeoeperal”</span> <span class='ocrx_word' id='word_1_434' title='bbox 1031 4417 1137 4479; x_wconf 82' lang='lat' dir='ltr'>(Caesar,</span> <span class='ocrx_word' id='word_1_435' title='bbox 1154 4418 1184 4465; x_wconf 89' lang='lat' dir='ltr'>B.</span> <span class='ocrx_word' id='word_1_436' title='bbox 1197 4419 1277 4468; x_wconf 63' lang='lat' dir='ltr'>Gau</span> <span class='ocrx_word' id='word_1_437' title='bbox 1289 4420 1325 4485; x_wconf 81' lang='grc'>9).</span> <span class='ocrx_word' id='word_1_438' title='bbox 1343 4421 1428 4470; x_wconf 85' lang='lat' dir='ltr'>Cicero</span> 
     </span>
     <span class='ocr_line' id='line_1_45' title="bbox 262 4479 1429 4545; baseline 0.002 -14"><span class='ocrx_word' id='word_1_439' title='bbox 262 4483 604 4545; x_wconf 74' lang='lat' dir='ltr'>Vadimonium-desertam]</span> <span class='ocrx_word' id='word_1_440' title='bbox 655 4482 739 4530; x_wconf 87' lang='lat' dir='ltr'>Cicero</span> <span class='ocrx_word' id='word_1_441' title='bbox 768 4481 812 4530; x_wconf 82' lang='lat' dir='ltr'>has</span> <span class='ocrx_word' id='word_1_442' title='bbox 845 4479 910 4542; x_wconf 76' lang='lat' dir='ltr'>(Cat</span> <span class='ocrx_word' id='word_1_443' title='bbox 930 4481 990 4541; x_wconf 70' lang='lat' dir='ltr'>Maj.</span> <span class='ocrx_word' id='word_1_444' title='bbox 1008 4497 1029 4529; x_wconf 88' lang='lat' dir='ltr'>c.</span> <span class='ocrx_word' id='word_1_445' title='bbox 1044 4481 1072 4545; x_wconf 78' lang='grc'>3)</span> <span class='ocrx_word' id='word_1_446' title='bbox 1089 4483 1133 4529; x_wconf 81' lang='lat' dir='ltr'>baa</span> <span class='ocrx_word' id='word_1_447' title='bbox 1150 4489 1212 4531; x_wconf 83' lang='lat' dir='ltr'>&#39;nan</span> <span class='ocrx_word' id='word_1_448' title='bbox 1231 4486 1363 4542; x_wconf 72' lang='lat' dir='ltr'>venuent3&#39;</span> <span class='ocrx_word' id='word_1_449' title='bbox 1380 4486 1429 4532; x_wconf 85' lang='lat' dir='ltr'>and</span> 
     </span>
     <span class='ocr_line' id='line_1_46' title="bbox 226 4543 1428 4612; baseline 0 -16"><span class='ocrx_word' id='word_1_450' title='bbox 226 4547 289 4596; x_wconf 86' lang='lat' dir='ltr'>tried</span> <span class='ocrx_word' id='word_1_451' title='bbox 300 4553 326 4598; x_wconf 82' lang='lat' dir='ltr'>to</span> <span class='ocrx_word' id='word_1_452' title='bbox 337 4563 411 4612; x_wconf 79' lang='lat' dir='ltr'>prove</span> <span class='ocrx_word' id='word_1_453' title='bbox 428 4550 482 4598; x_wconf 85' lang='lat' dir='ltr'>that</span> <span class='ocrx_word' id='word_1_454' title='bbox 493 4549 609 4602; x_wconf 79' lang='lat' dir='ltr'>Quintius</span> <span class='ocrx_word' id='word_1_455' title='bbox 621 4547 689 4597; x_wconf 75' lang='lat' dir='ltr'>owed</span> <span class='ocrx_word' id='word_1_456' title='bbox 706 4546 812 4595; x_wconf 78' lang='lat' dir='ltr'>Naevius</span> <span class='ocrx_word' id='word_1_457' title='bbox 843 4543 951 4594; x_wconf 81' lang='lat' dir='ltr'>Terence</span> <span class='ocrx_word' id='word_1_458' title='bbox 962 4545 1071 4609; x_wconf 86' lang='lat' dir='ltr'>(Pborm.</span> <span class='ocrx_word' id='word_1_459' title='bbox 1085 4546 1201 4611; x_wconf 76' lang='lat'>1.2,24),</span> <span class='ocrx_word' id='word_1_460' title='bbox 1213 4550 1261 4597; x_wconf 87' lang='lat' dir='ltr'>‘nri</span> <span class='ocrx_word' id='word_1_461' title='bbox 1272 4565 1330 4598; x_wconf 85' lang='lat' dir='ltr'>uana</span> <span class='ocrx_word' id='word_1_462' title='bbox 1344 4548 1428 4598; x_wconf 70' lang='lat' dir='ltr'>venit!</span> 
     </span>
    </p>
   </div>
   <div class='ocr_carea' id='block_1_4' title="bbox 0 0 1764 5325">
    <p class='ocr_par' dir='ltr' id='par_1_5' title="bbox 0 0 1764 5325">
     <span class='ocr_line' id='line_1_47' title="bbox 0 0 1764 5325; baseline 0 2"><span class='ocrx_word' id='word_1_463' title='bbox 0 0 1764 5325; x_wconf 95' lang='lat' dir='ltr'> </span> 
     </span>
    </p>
   </div>
  </div>
 </body>
</html>
