3517 5325
309 425 351 496 76
622 419 758 488 ORAT.
781 418 872 484 PRO
905 415 1009 482 SEX.
1033 412 1200 482 Rostro

199 605 203 610 ⁴
309 601 475 681 oportere:
500 593 532 657 in
547 614 610 678 quo
624 592 751 668 scelere,
764 591 898 676 judices,
915 588 1012 654 etism
1029 608 1127 672 quum
1147 583 1269 648 multae
1291 601 1426 646 caussae
1442 590 1534 645 con-‘

309 693 433 759 venisse
452 713 550 755 unum
569 691 603 754 in
624 691 731 756 locum
748 698 846 774 atque
869 687 954 752 inter
976 709 1011 750 se
1034 704 1209 770 congruere
1227 681 1384 756 videntur,
1406 686 1530 743 tamen

309 812 374 854 non
397 798 516 855 temere
543 789 692 866 creditur,
715 808 818 873 neque
839 786 903 850 levi
932 785 1116 868 conjectura
1145 803 1196 845 res
1223 779 1382 866 penditur,
1411 797 1529 862 neque

310 888 404 952 testis
432 889 571 951 incertus
600 886 736 963 auditur,
766 907 868 970 neque
893 881 1089 948 accusatoris
1110 878 1237 964 ingenio
1263 898 1315 940 res
1342 874 1527 960 judIcatur.

313 985 417 1066 Quum
431 984 532 1048 multa
552 989 648 1046 antee
664 982 833 1046 commissa
855 979 1018 1058 nralelicia,
1035 986 1105 1043 tum
1125 976 1191 1042 vita
1214 973 1351 1039 hominis
1370 971 1528 1057 perditis-

311 1083 399 1160 sima,
416 1089 485 1147 tum
499 1080 667 1165 singularis
681 1079 1013 1143 audaciaostendatur
1024 1097 1153 1141 necesse
1168 1082 1239 1148 est3
1265 1094 1367 1158 neque
1381 1069 1526 1134 audacia

311 1180 421 1256 solum,
437 1179 495 1243 sed
514 1199 656 1242 summus
677 1178 765 1241 furor
782 1185 880 1262 atque
902 1175 1052 1240 amentia.
1098 1173 1190 1238 Haec
1206 1193 1304 1258 quum
1318 1170 1384 1234 sint
1399 1169 1520 1246 omnia,

311 1286 419 1343 tamen
435 1284 565 1342 exstent
582 1282 711 1361 oportet
728 1296 878 1360 expressa
899 1273 1028 1338 sceleris
1050 1271 1194 1358 vestigia,
1213 1270 1276 1346 ubi,
1299 1291 1362 1354 qua
1381 1267 1519 1346 ratione,

312 1397 369 1461 per
383 1398 472 1461 quos,
489 1397 552 1461 quo
569 1382 713 1460 ternpore
732 1371 921 1436 maleficium
943 1371 987 1435 sit
1008 1369 1190 1434 admissum.
1235 1369 1324 1448 Quae
1338 1366 1400 1430 nisi
1415 1365 1522 1430 multa

313 1481 347 1538 et
360 1474 529 1538 manifesta
543 1478 627 1550 sunt,
644 1471 788 1557 prolecto
803 1491 854 1534 res
869 1477 937 1534 tam
952 1468 1094 1547 scelesta,
1111 1474 1180 1531 tam
1193 1473 1297 1543 atrox,
1312 1471 1381 1529 tam
1395 1463 1520 1526 nefaria

313 1570 398 1635 credi
412 1593 477 1633 non
491 1576 609 1654 potest.
656 1569 779 1652 Magna
792 1575 843 1632 est
861 1568 946 1631 eninr
967 1565 1015 1630 vis
1032 1563 1258 1630 humanitatis:
1283 1563 1417 1627 multum
1431 1561 1519 1626 valet

314 1667 493 1732 communio
529 1664 710 1750 sanguinis:
747 1665 929 1729 reclamitat
964 1663 1142 1729 istiusmodi
1178 1661 1410 1746 suspicionibus
1446 1660 1519 1744 ipsa

313 1771 445 1828 natura:
469 1768 653 1847 portentum
671 1764 771 1846 'atque
787 1772 966 1827 monstrum
988 1761 1199 1826 certissimum
1215 1766 1272 1838 est,
1290 1781 1361 1823 esse
1379 1757 1519 1843 aliquem

314 1862 453 1924 hnmana
467 1859 572 1945 specie
587 1867 621 1923 et
635 1859 746 1945 figura,
770 1859 825 1944 qui
842 1867 968 1925 tantum
991 1859 1190 1924 immanitate
1207 1857 1326 1922 bestias
1343 1856 1454 1919 vicerit
1468 1861 1514 1930 ut,

314 1966 446 2045 propter
469 1979 548 2043 quos
566 1957 649 2021 hanc
672 1957 889 2022 suavissimam
912 1958 1014 2022 lucem
1034 1957 1204 2042 aspexerit,
1226 1977 1281 2020 eos
1299 1953 1518 2039 indignissime

314 2056 384 2120 luce
396 2055 545 2140 privarit;
571 2077 668 2140 quum
682 2055 780 2119 etiam
793 2055 878 2119 feras
893 2054 976 2119 inter
995 2077 1065 2119 sese
1083 2063 1195 2140 portus
1209 2061 1307 2138 atque
1321 2051 1469 2116 educatio
1484 2057 1519 2115 et

315 2162 431 2218 natura
455 2152 524 2237 ipsa
546 2152 701 2216 conciliet.
748 2152 894 2216 XXIII.
917 2152 991 2216 Non
1016 2152 1063 2216 ita
1085 2151 1193 2216 multis
1216 2159 1292 2216 ante
1313 2150 1405 2213 annis
1427 2149 1517 2212 aiunt

234 2304 238 2314 .
316 2251 355 2316 Τ.
386 2249 538 2316 Cloelium
565 2249 732 2335 quemdam
758 2248 1028 2328 Tarracinensem,
1059 2249 1217 2314 hominem
1245 2270 1309 2312 non
1338 2248 1517 2324 obscnmm,

316 2371 413 2436 quum
427 2355 581 2413 caenatus
592 2348 734 2412 cubitum
744 2346 777 2410 in
791 2347 875 2411 idem
887 2349 1033 2412 conclave
1045 2370 1119 2412 cum
1129 2348 1252 2412 duobus
1262 2345 1519 2410 adolescentibus

292 2448 389 2511 ‘filiis
411 2447 499 2524 isset,
523 2447 686 2510 inventum
711 2466 781 2508 esse
803 2466 896 2508 mane
918 2445 1109 2531 jugulatum.
1156 2447 1262 2528 Quum
1285 2465 1386 2528 neque
1409 2463 1520 2506 servus

315 2545 481 2630 quisquam
495 2543 688 2630 reperiretur
702 2563 804 2626 neque
818 2541 898 2604 liber
911 2543 952 2606 ad
967 2564 1060 2627 quem
1075 2565 1113 2608 ea
1132 2543 1270 2629 suspicio
1285 2541 1469 2628 pertineret,
1486 2539 1520 2602 id

315 2644 431 2709 aetatis
459 2651 568 2709 autem
598 2642 660 2707 duo
689 2640 745 2704 filii
773 2647 904 2727 propter
929 2644 1082 2708 cubantes
1106 2666 1146 2707 ne
1171 2643 1307 2709 sensisse
1333 2641 1461 2729 quidem
1483 2662 1520 2704 se

316 2742 468 2822 dicerent,
485 2741 614 2805 nomina
627 2739 765 2835 filiorum
787 2739 827 2802 de
848 2739 1017 2826 parricidio
1034 2741 1140 2806 delata
1154 2749 1240 2807 sunt.
1286 2740 1378 2821 Quod
1393 2746 1520 2824 poterat

316 2840 395 2903 satis
411 2840 479 2924 jam
502 2860 572 2903 esse
595 2837 812 2923 suspiciosum,
840 2846 989 2903 neutrum
1012 2838 1168 2915 sensisse;
1193 2861 1304 2903 ausum
1322 2846 1431 2903 autem
1450 2859 1521 2901 esse

317 2958 508 3022 quemquam
527 2958 562 3000 se
582 2935 615 2998 in
636 2934 669 2997 id
692 2936 841 2999 conclave
865 2936 1074 3014 committere,
1092 2958 1130 3000 eo
1149 2936 1347 3022 potissimum
1365 2943 1518 3023 ternpore,

317 3056 414 3119 quum
428 3034 543 3099 ibidem
557 3039 666 3097 essent
676 3032 739 3096 duo
753 3033 972 3097 adolescentes
986 3033 1041 3097 filii
1056 3034 1110 3121 qui
1125 3042 1159 3099 et
1173 3035 1292 3100 sentire
1303 3042 1337 3100 et
1352 3036 1522 3101 defendere

316 3131 409 3195 facile
423 3133 576 3215 possenti
621 3129 704 3193 Erat
717 3152 811 3215 porro
832 3153 923 3195 nemo
944 3131 976 3195 in
994 3154 1089 3217 quem
1112 3155 1149 3197 ea
1169 3132 1306 3219 suspicio
1327 3134 1520 3199 conveniret.

319 3226 441 3290 Tamen
456 3248 553 3311 quum
567 3227 696 3311 planum
707 3228 868 3311 judicibus
883 3236 969 3294 esset
979 3231 1098 3295 laetum
1109 3239 1220 3317 aperto
1230 3232 1312 3297 ostio
1328 3233 1522 3297 dormientes

318 3346 374 3387 ecs
388 3330 541 3408 repertos,
553 3346 631 3400 esse,
645 3325 766 3408 judicio
790 3327 927 3391 absoluti
951 3328 1167 3393 adolescentes
1187 3337 1221 3395 et
1244 3332 1421 3417 suspicione
1436 3330 1523 3396 omni

318 3420 446 3483 liberati
475 3426 559 3483 sunt.
614 3420 716 3484 Nemo
748 3422 832 3486 enim
856 3426 992 3509 putabat
1016 3448 1203 3513 quemquam
1232 3451 1310 3508 esse,
1342 3428 1396 3517 qui
1425 3452 1522 3517 quum

320 3516 426 3581 omnia
440 3516 545 3580 divina
559 3523 656 3603 atque
673 3519 811 3583 humana
829 3521 904 3605 jura
921 3523 1038 3588 scelere
1053 3524 1172 3589 nefario
1187 3526 1360 3611 polluisset,
1376 3552 1522 3596 somnum

319 3612 431 3678 statim
446 3635 558 3699 capere
577 3614 743 3702 potuisset,
764 3630 934 3704 propterea
954 3623 1037 3708 quod
1061 3624 1114 3708 qui
1138 3632 1265 3691 tantum
1290 3628 1413 3693 facinus
1436 3652 1521 3695 com-

348 3753 454 3812 propter
470 3749 541 3812 quos]
576 3748 604 3797 II
617 3750 666 3797 this
676 3750 697 3798 is
708 3751 779 3813 right,
791 3753 811 3802 it
821 3770 904 3804 means
936 3760 974 3804 est
982 3758 1139 3819 suspiciosum
1146 3766 1227 3810 antem
1236 3766 1487 3815 neutrumnesensisse
1497 3765 1519 3813 ?’

319 3815 362 3863 the
373 3829 438 3862 same
449 3830 475 3862 as
488 3814 633 3892 ‘perquoa'
937 3821 1013 3868 which
1020 3822 1049 3869 of
1056 3839 1140 3872 course
1150 3826 1181 3873 he
1192 3828 1348 3878 considersto
1360 3830 1524 3893 beaeorrupt

352 3881 392 3929 23.
407 3881 435 3928 Τ.
450 3880 578 3943 Cloeliam]
598 3880 623 3928 It
631 3895 708 3928 seems
716 3880 854 3932 doubtfulll
860 3885 904 3932 the
936 3885 1042 3947 reading,
1054 3888 1101 3935 and
1112 3888 1190 3938 leaves
1201 3907 1227 3939 ss
1237 3894 1258 3940 it
1268 3894 1297 3942 is.
1331 3894 1408 3943 Orelli
1419 3897 1462 3944 has
1473 3896 1523 3943 this

319 3945 430 3992 nemeis
449 3944 553 3994 Cloelius
575 3960 603 3993 or
624 3946 728 4005 Caelius,
750 3962 777 3995 as
795 3949 905 3996 Vslerlns
938 3950 1090 4011 pstehworlr:
1128 3955 1210 4007 ‘Quid
1238 3961 1340 4020 postea?
1384 3960 1444 4009 Erat
1465 3976 1523 4009 saue

319 4008 442 4057 Maximus
454 4008 512 4073 (viii.
527 4013 549 4059 l.
563 4010 604 4075 la)
613 4010 656 4058 hos
667 4012 687 4057 it
697 4012 723 4058 in
733 4012 771 4059 his
779 4014 905 4061 collection
938 4015 1093 4075 suspIciosum
1104 4035 1109 4063 :
1127 4028 1240 4069 neutrum
1251 4024 1367 4082 sensisser
1384 4040 1467 4073 ausum
1479 4042 1523 4074 su-

319 4073 464 4149 ollstorieu
480 4074 525 4121 but
540 4076 561 4122 it
573 4075 595 4122 is
607 4075 711 4124 Cloelius
727 4076 753 4123 in
767 4076 904 4125 TorrenIns’
937 4083 986 4125 tem
998 4079 1067 4137 esse,’
1083 4084 1126 4129 &c
1159 4084 1224 4132 That
1234 4088 1311 4136 which
1324 4089 1336 4136 1
1352 4090 1411 4137 bare
1421 4091 1524 4152 givenis

319 4138 418 4185 edibon.
451 4138 573 4186 Maximus
584 4141 768 4187 seemstohare
778 4141 852 4188 taken
862 4142 905 4189 the
937 4143 1126 4208 theresdingof
1141 4148 1182 4196 the
1196 4150 1306 4209 lactine,
1318 4153 1396 4201 whlch
1411 4155 1433 4203 is
1449 4156 1523 4219 plain,

320 4206 386 4264 story
397 4203 459 4250 from
476 4204 568 4261 Cloero,
584 4204 638 4251 who
654 4204 811 4262 tellsitrrell,
829 4220 855 4252 as
874 4206 906 4255 be
938 4206 1086 4271 iutelligible,
1103 4212 1151 4259 and
1162 4229 1217 4276 may
1228 4216 1258 4264 be
1272 4222 1334 4266 true.
1368 4219 1403 4267 At
1419 4222 1461 4267 the
1476 4222 1524 4269 end

320 4266 407 4342 plwsys
428 4267 493 4314 does.
539 4268 563 4316 lt
584 4268 605 4315 is
626 4269 774 4327 Instructius,
804 4269 852 4316 snd
873 4286 905 4317 au
938 4272 966 4319 of
982 4274 1023 4322 the
1044 4276 1151 4339 chapter,
1172 4278 1245 4327 Klotz
1267 4284 1347 4331 writes
1369 4285 1436 4333 ‘elno
1458 4291 1525 4333 metu

320 4332 469 4379 instanoeol
483 4332 524 4379 the
541 4333 654 4395 practioal
670 4334 851 4395 goodsenseol
865 4337 907 4383 the
940 4339 1058 4399 possunt!
1102 4342 1155 4389 The
1176 4344 1260 4393 reader-
1285 4363 1340 4410 may
1361 4352 1465 4398 ererdse
1486 4351 1525 4397 his

322 4394 437 4443 Romans.
767 4462 772 4473 Ι
823 4462 830 4475 .
937 4404 1065 4465 judgmeut
1083 4408 1109 4453 ln
1130 4407 1291 4474 determining
1312 4414 1390 4461 which
1411 4416 1433 4464 Is
1451 4416 1524 4477 right,

357 4459 428 4516 Quod
432 4464 541 4521 poterat,
553 4460 611 4522 dra]
646 4460 699 4508 'lhc
709 4462 808 4523 reading
822 4476 843 4511 rs
859 4478 907 4513 un·
941 4469 1251 4535 ‘possnnt,’or‘possiut.’
1285 4476 1393 4543 (Orelli)

320 4524 418 4572 certain
453 4523 906 4586 moahnit‘ouidpotmtn...
