3517 5325
665 541 669 544 ⁴
709 467 811 534 OAP.
835 469 885 548 26,
903 471 955 538 27.
1373 474 1435 538 229

232 663 328 726 quam
343 641 486 727 privatae
502 639 547 705 rei
562 645 687 704 vestrae
708 639 846 703 retinere
869 639 1013 705 debetis:
1038 662 1102 704 non
1123 641 1234 720 solum,
1251 642 1335 727 quod
1357 642 1436 707 baec

228 740 303 823 jure
325 739 408 804 civili
430 747 543 824 saepta
560 744 646 814 sunt,
666 738 723 801 scd
743 737 849 815 etiam,
866 739 952 824 quod
966 739 1192 824 patrimonium
1209 740 1302 802 unius
1319 739 1436 804 incom-

231 838 328 900 modo
353 836 534 915 dimittitur,
558 837 613 921 jus
635 835 743 900 amitti
766 857 830 899 non
856 842 964 920 potest
993 836 1062 900 sine
1088 857 1205 922 magno
1234 836 1434 902 incommodo

233 935 384 998 civitatis.

277 1031 439 1097 XXVII.
464 1031 503 1095 ln
525 1033 586 1096 bac
611 1031 681 1116 ipsa
707 1053 832 1107 caussa,
859 1039 1109 1117 recuperatores,
1137 1031 1164 1096 si
1194 1031 1255 1096 hoc
1284 1054 1343 1096 nos
1371 1053 1433 1096 non

231 1130 422 1208 obtinemus,
456 1129 486 1193 vi
519 1129 652 1193 armatis
685 1129 865 1194 hominibus
899 1130 1058 1215 dejectum
1082 1151 1153 1194 esse
1175 1151 1256 1209 eum,
1282 1152 1375 1215 quem
1404 1130 1435 1194 vi

231 1228 364 1293 armatis
383 1227 562 1291 bominibus
583 1227 708 1312 pulsum
722 1227 930 1313 fugatumque
952 1249 1024 1292 csse
1046 1235 1184 1305 constat,
1209 1228 1345 1292 ancina
1367 1249 1435 1291 rem

231 1347 296 1390 nou
311 1326 450 1402 amittet,
467 1346 562 1410 quam
583 1324 686 1410 ipsam
706 1325 814 1388 animo
834 1325 920 1403 lorti,
937 1325 965 1388 si
980 1333 1107 1411 tempus
1122 1326 1169 1389 ita
1182 1325 1290 1403 ferret,
1307 1324 1435 1390 amitte·

231 1430 302 1497 ret:
327 1423 359 1486 iu
373 1422 605 1507 possessionem
627 1422 862 1508 inpraesentia
875 1445 940 1486 non
961 1423 1168 1498 restituetur:
1193 1423 1270 1486 nihil
1289 1423 1435 1508 amplius.

234 1519 350 1606 Populi
365 1519 500 1584 Romani
516 1541 637 1597 caussa,
654 1519 794 1584 civitatis
805 1521 868 1606 jus,
885 1521 978 1598 bona,
994 1521 1141 1585 fortunae
1158 1521 1435 1606 possessionesque

232 1618 372 1682 omnium
387 1617 421 1681 in
442 1617 572 1682 dubium
596 1618 814 1704 incertumque
837 1619 1092 1693 revocabuntur:
1118 1629 1224 1684 vestra
1241 1619 1434 1684 auctoritate

232 1718 293 1781 boc
315 1717 538 1794 constituetur,
561 1719 622 1782 hoc
644 1719 895 1803 praescribetur:
923 1719 1056 1799 Quicum
1079 1723 1116 1782 tu
1139 1717 1274 1804 posthac
1301 1717 1340 1781 de
1363 1739 1435 1803 pos-

231 1814 371 1878 sessione
385 1816 566 1894 contendea,
583 1837 664 1894 eum,
680 1815 708 1880 si
723 1816 901 1904 ingressum
915 1817 1009 1881 modo
1032 1816 1064 1879 in
1086 1817 1249 1901 praedium
1270 1815 1432 1900 dejeceris,

231 1913 384 1978 restituas
398 1913 580 1999 oportebit:
605 1913 654 1977 sin
669 1921 777 1979 autem
791 1915 982 2000 ingredienti
997 1935 1070 1978 cum
1089 1923 1214 1979 armata
1228 1913 1433 1979 multitudine

231 2011 342 2075 obvius
360 2011 466 2088 fueris,
489 2019 524 2077 et
548 2011 596 2076 ita
620 2012 799 2077 venientem
825 2013 1008 2099 reppuleris,
1028 2012 1159 2099 fugaris,
1184 2011 1348 2088 averteris,
1371 2033 1435 2075 non

231 2108 392 2176 restitues.
438 2109 520 2172 Tum
534 2109 715 2174 statueritis
729 2109 793 2174 vim
814 2109 847 2173 in
869 2111 969 2174 caede
991 2109 1092 2174 solum
1108 2131 1186 2188 esse,
1203 2133 1266 2173 non
1283 2109 1379 2173 etiam
1401 2110 1434 2172 in

231 2205 356 2282 animo:
381 2207 443 2271 nisi
458 2229 553 2272 cruor
565 2215 730 2293 appareat,
746 2208 810 2270 vim
824 2229 889 2270 non
904 2229 973 2272 esse
988 2207 1127 2282 luctam:
1152 2207 1268 2292 injuria
1283 2207 1345 2270 dici
1361 2229 1434 2270 eum

168 2345 172 2350 -
232 2303 394 2388 dejectum
417 2327 498 2381 esse,
519 2305 572 2390 qui
595 2303 775 2390 prohibitus
796 2304 862 2376 sit:
887 2301 946 2367 nisi
969 2325 1069 2368 exeo
1092 2304 1164 2368 loco
1184 2303 1238 2368 nbi
1262 2303 1434 2387 vestigium

231 2400 436 2487 impresserit,
453 2402 548 2487 dejici
562 2402 720 2465 neminem
735 2421 838 2485 posse.
876 2401 900 2463 J
902 2401 969 2464 uris
983 2399 1082 2486 igitur
1096 2400 1225 2464 retineri
1241 2399 1434 2464 sententiam

231 2509 266 2566 et·
279 2503 475 2588 aequitatem
489 2501 658 2587 plurimum
678 2499 783 2563 valere
806 2507 963 2586 oportere,
983 2497 1054 2585 [an]
1072 2499 1168 2562 verbo
1192 2519 1230 2563 ac
1253 2498 1362 2562 littera
1379 2499 1435 2583 jus

230 2621 324 2664 omne
352 2599 505 2685 torqueri,
535 2619 593 2663 vos
630 2596 774 2673 statuite,
811 2603 1060 2682 recuperatores,
1085 2603 1194 2660 utrum
1222 2595 1332 2660 utilius
1362 2618 1433 2662 esse

229 2696 387 2760 videatur.

275 2792 351 2857 Hoc
366 2792 435 2856 loco
450 2793 671 2878 percommode
685 2790 810 2871 accidit,
827 2792 912 2878 quod
927 2813 991 2855 non
1005 2792 1098 2857 adest
1120 2790 1148 2855 is
1170 2791 1222 2877 qui
1238 2790 1342 2877 paullo
1357 2798 1434 2859 ante

228 2890 334 2956 adluit
348 2898 383 2955 et
397 2891 511 2955 adesse
525 2890 618 2955 nobis
637 2891 820 2977 frequenter
839 2891 871 2954 iu
894 2891 954 2955 hac
976 2912 1090 2955 caussa
1111 2890 1193 2955 solet
1209 2892 1256 2955 vir
1271 2890 1434 2954 ornatissi-

228 3012 310 3065 mus,
326 2989 363 3055 0.
380 2988 560 3075 Aquillius:
583 3011 658 3053 nam
671 2990 741 3075 ipso
755 2996 923 3075 praesente
939 2991 979 3053 de
998 2988 1116 3054 virtute
1131 2989 1201 3073 ejus
1216 2998 1250 3054 et
1265 2990 1434 3075 prudentia

228 3088 371 3152 timidius
394 3088 540 3165 dicerem,
565 3088 649 3173 quod
672 3096 706 3153 et
727 3086 795 3173 ipse
815 3088 937 3174 pudore
959 3087 1096 3174 quodam
1115 3086 1295 3152 afficeretur
1315 3110 1354 3152 ex
1375 3110 1434 3152 sua

231 3184 330 3263 laude,
348 3194 382 3250 ct
396 3208 447 3249 me
461 3184 571 3249 similis
585 3185 669 3251 ratio
680 3185 809 3272 pudoris
823 3208 843 3249 a
857 3186 1036 3272 praesentis
1050 3186 1144 3250 laude
1159 3186 1322 3250 tardaret:
1341 3186 1433 3271 cujus

229 3285 414 3349 auctoritati
430 3284 552 3349 dictum
566 3292 618 3349 est
631 3285 673 3349 ab
689 3284 741 3349 illa
756 3306 870 3350 caussa
887 3285 1024 3350 'concedi
1046 3284 1177 3348 nimium
1194 3308 1258 3349 non
1274 3294 1431 3370 oportere.

231 3380 304 3445 Nou
318 3404 428 3446 vereor
443 3382 556 3447 detali
571 3383 639 3447 viro
654 3406 694 3447 ne
714 3384 785 3468 plus
804 3384 909 3449 dicam
932 3406 1029 3469 quam
1043 3406 1100 3449 vos
1122 3390 1179 3448 aut
1202 3383 1358 3461 sentiatis,
1375 3394 1433 3451 aut

230 3479 315 3563 apud
328 3502 385 3544 vos
405 3481 645 3545 commemorari
666 3480 781 3546 velitis.
828 3472 1027 3569 Quapropter
1049 3480 1109 3546 hoc
1134 3482 1246 3557 dicam,
1262 3504 1432 3567 numquam

230 3576 300 3660 ejus
313 3578 540 3642 auctoritatem
554 3578 685 3643 nimium
699 3580 813 3659 valere,
830 3581 921 3665 cujus
936 3580 1137 3666 prudentiam
1159 3578 1294 3665 populus
1316 3579 1432 3644 Roma·

260 3739 301 3794 27.
318 3738 474 3801 adriacum]
497 3739 690 3795 ‘obtinebimus,'
711 3739 815 3788 Juut-
846 3739 900 3788 loco
918 3740 962 3789 ubi
982 3742 1108 3803 vwigium
1131 3741 1277 3802 impresserit
1298 3738 1367 3798 dejici
1388 3752 1431 3785 ne·

229 3804 294 3849 ‘rem
303 3804 480 3851 nonamittat?
493 3804 815 3853 Caednawillnotloaebia
847 3805 937 3853 minem
954 3820 1039 3866 posse:
1055 3806 1123 3867 juris,
1138 3820 1188 3852 rem
1205 3810 1231 3851 et
1248 3803 1389 3851 mtendam
1407 3806 1433 3849 et

228 3874 349 3929 property,
360 3868 454 3929 though
464 3869 496 3917 ha
507 3870 555 3916 will
565 3875 609 3918 not
616 3884 713 3917 reoorer
720 3882 814 3931 posea-
846 3869 991 3930 aequitatem
1002 3870 1131 3931 plurimum
1147 3869 1226 3915 valere
1236 3872 1361 3929 oportere:
1378 3866 1431 3913 libi·

228 3932 281 3979 alon
299 3937 325 3979 at
344 3939 448 3994 precem.
490 3934 576 3982 ‘Nihil
594 3932 710 3996 amplius'
729 3948 813 3980 meaos
845 3932 916 3989 dinis,
928 3934 1000 3981 verbo
1011 3930 1356 3993 acliteraJ'usomnetorqueri.
1379 3929 1431 3977 Vos

229 3996 381 4044 ‘thieballl
414 3998 813 4061 'l'betransitiouto‘l’opulillo-
845 3998 952 4055 statuite,
963 4002 1150 4059 recuperatores,
1162 4003 1188 4043 et
1197 3995 1292 4045 viliores
1302 4010 1354 4042 ease
1364 3994 1429 4041 vide·

228 4060 312 4118 mani,’
323 4066 367 4109 &c
378 4062 400 4109 is
410 4062 507 4124 abrupt
845 4060 943 4109 antur.''
977 4062 1059 4110 Ibave
1069 4060 1157 4109 altered
1166 4058 1430 4122 Baitar'spunctuatiou

260 4139 309 4173 aaa
330 4129 451 4174 restitues.
478 4128 540 4175 rum
556 4126 810 4174 :carueritis-emm
842 4126 937 4173 alittle.

228 4191 316 4238 utilia:
332 4205 383 4238 aare
399 4190 533 4251 videam]
551 4190 592 4237 All
607 4189 655 4237 thia
672 4190 811 4251 paasagela
879 4190 905 4238 0.
924 4190 1050 4253 Aquillius
1059 4188 1080 4251 :]
1111 4188 1157 4237 See
1176 4188 1217 4237 the
1232 4188 1325 4236 oration
1345 4187 1429 4237 Prol’.

227 4256 359 4303 uncertain.
393 4255 477 4303 laball
485 4254 575 4316 merely
582 4254 635 4315 give
643 4254 811 4308 liaiter’atext,
845 4254 954 4313 Quintio,
966 4270 987 4301 c.
1002 4255 1024 4301 l.

227 4318 381 4367 ubolollowa
390 4320 503 4381 Madvig:
522 4319 722 4367 “nonreatituea.
746 4318 813 4366 Juris
878 4320 964 4367 odilla
980 4318 1077 4380 cumas]
1095 4318 1156 4366 This
1174 4316 1370 4380 meana‘bytbo
1384 4332 1428 4381 op·

226 4382 287 4431 baec
298 4398 344 4431 vox
355 4392 400 4442 est,
412 4400 465 4432 ease
474 4385 523 4431 vim
534 4398 584 4431 non
598 4384 624 4430 in
640 4384 711 4430 caede
727 4384 813 4440 aolum,
846 4384 924 4447 posite
935 4381 1002 4431 aide!

227 4448 270 4495 aad
290 4450 363 4496 etiam
382 4449 408 4496 iu
430 4450 524 4505 animo:
547 4448 662 4505 libidinis,
680 4448 727 4495 uisi
745 4462 815 4495 crum
880 4448 1044 4509 Noaaaraor]
1064 4448 1150 4495 ‘Non'
1163 4447 1184 4495 ia
1195 4447 1245 4495 said
1261 4450 1288 4495 to
1303 4462 1392 4510 appear
1402 4447 1428 4495 iu

226 4512 815 4575 pareat,rirnnoneaaelactam:juria,dejectum
846 4513 961 4571 quS.;
978 4511 1287 4575 butitianeoessary,aud
1304 4512 1348 4562 baa
1366 4512 1428 4562 been

226 4590 279 4625 asae
290 4578 332 4640 qui
343 4577 479 4641 prohibitur
489 4578 537 4637 ait:
553 4578 723 4638 libidinis‚niei
739 4592 769 4627 cx
785 4592 815 4626 eo
846 4577 924 4627 added
935 4577 1019 4641 bytho
1030 4578 1249 4641 editorslongago.
