3517 5325
686 423 787 489 OAP.
813 428 951 492 11-13.
1350 436 1414 500 497

209 592 414 680 reliquerunt,
433 614 543 657 vocem
567 593 650 657 illam
674 595 820 674 consulis,
847 595 909 675 Qui
932 618 999 661 rem
1024 598 1183 682 publicam
1205 600 1324 664 salvam
1345 624 1415 665 esse

209 692 342 756 vellent:
382 691 469 755 Huic
483 691 552 755 voci
574 692 687 769 favete,
713 693 864 773 Quirites
888 716 990 779 neque
1005 704 1112 759 vestro
1131 698 1253 780 judicio
1277 700 1415 763 abstule-

208 788 280 852 ritis
302 787 378 851 mihi
400 810 468 851 rem
489 788 656 873 publicam,
674 812 775 873 neque
797 790 977 875 eripueritis
998 792 1044 856 rei
1060 794 1204 879 pubIIcae
1219 816 1308 879 spem
1323 796 1414 859 liher-

207 888 298 961 tatis,
314 908 403 971 spem
417 885 539 961 salutis,
555 908 645 972 spem
661 887 838 971 dignitatis.

254 984 337 1066 Quid
352 984 499 1060 facerem,
523 984 551 1047 si
572 984 611 1048 T.
631 982 791 1049 Labienus
815 986 944 1050 caedem
967 986 1082 1051 civium
1105 988 1234 1053 fecisset
1249 997 1286 1052 ut
1303 988 1340 1052 L.
1358 990 1414 1053 Sa-

206 1082 364 1158 turninus,
381 1081 408 1144 si
423 1103 581 1144 carcerem
600 1083 791 1166 refregisset,
816 1083 844 1146 si
860 1083 1053 1169 Capitolium
1074 1110 1146 1149 cum
1170 1086 1300 1151 armatis
1323 1109 1414 1150 occu·

207 1180 368 1266 pavisset?
407 1178 560 1243 Facerem
575 1179 607 1241 id
623 1181 707 1264 quod
723 1180 759 1243 O.
778 1181 902 1245 Marius
917 1182 1010 1247 fecit:
1036 1184 1077 1246 ad
1092 1192 1237 1248 senatum
1253 1185 1412 1260 referrem,

207 1300 265 1341 vos
279 1278 321 1341 ad
335 1299 404 1339 rem
425 1275 583 1361 puhIIcam
604 1278 836 1342 defendundum
852 1280 1047 1355 cohortarer,
1071 1290 1213 1344 armatus
1228 1282 1296 1365 ipse
1312 1281 1413 1345 vobis-

208 1398 283 1439 cum
305 1382 430 1439 armato
453 1375 650 1439 obsisterem.
696 1376 798 1454 Nunc,
816 1377 964 1463 quoniam
986 1400 1147 1442 armorum
1170 1379 1308 1463 suspicio
1329 1379 1413 1442 nulla

207 1480 269 1547 est,
284 1473 350 1537 tela
365 1494 428 1535 non
442 1471 543 1549 video,
568 1495 632 1536 non
648 1474 703 1551 vis,
725 1495 789 1537 non
813 1475 935 1553 caedes,
961 1498 1023 1539 non
1041 1474 1188 1561 Capitolii
1210 1486 1307 1561 atque
1330 1476 1412 1540 arcis

207 1571 351 1635 obsessio
366 1580 425 1647 est,
442 1570 499 1635 sed
514 1573 677 1636 accusatio
693 1573 878 1657 perniciosa,
898 1574 1053 1659 judicium
1068 1576 1225 1649 acerbum,
1242 1596 1293 1637 res
1308 1582 1379 1638 tota
1393 1596 1413 1637 a

206 1669 338 1734 tribuno
361 1668 462 1753 plebis
483 1678 635 1753 suscepta
660 1678 774 1735 contra
796 1693 863 1734 rem
889 1672 1071 1756 pubIIcam3
1100 1694 1163 1735 non
1184 1695 1239 1736 vos
1261 1672 1302 1735 ad
1324 1694 1413 1735 arma

206 1767 368 1831 vocandos
383 1766 457 1829 mihi
473 1788 551 1844 esse,
576 1768 632 1831 sed
654 1769 696 1831 ad
720 1768 872 1855 suffragia
896 1770 1108 1835 cohortandos
1124 1782 1236 1835 contra
1251 1791 1413 1857 oppugna·

206 1865 328 1930 tionem
342 1872 466 1929 vestrae
480 1866 660 1949 majestatis
675 1867 794 1951 putavi.

253 1963 367 2049 Itaque
381 1984 465 2027 nunc
479 1984 535 2026 vos
555 1986 663 2028 omnes
683 1986 738 2028 oro
760 1974 858 2051 atque
880 1966 1026 2031 obtestor
1049 1966 1232 2051 hortorque.
1278 1966 1351 2031 Non
1367 1966 1414 2031 ita

205 2084 277 2126 mos
292 2068 350 2136 est,
367 2060 527 2124 consulem
542 2082 639 2145 quum
654 2084 689 2125 es
704 2064 723 2104 ⁹
741 2065 758 2099 “
778 2064 795 2100 *

252 2160 360 2223 XIII.
388 2159 441 2199 Ν
460 2160 479 2194 *
495 2158 605 2223 tImet:
634 2160 687 2245 qui
700 2161 808 2225 'hasce
831 2183 886 2225 ore
907 2162 1039 2226 adverso
1063 2184 1120 2246 pro
1141 2184 1175 2225 re
1190 2161 1315 2245 publica
1331 2162 1413 2225 cica-

205 2258 305 2324 trices
326 2280 364 2321 ac
388 2264 482 2321 notas
495 2257 623 2321 virtutis
646 2260 780 2343 accepit,
798 2259 826 2322 is
848 2282 889 2322 ne
913 2259 998 2344 quod
1021 2259 1159 2343 accipiat
1182 2260 1285 2321 famae
1301 2258 1413 2322 vulnus-

206 2355 442 2441 perhorrescit;
473 2375 567 2440 quern
596 2378 766 2441 numquam
795 2356 991 2420 incursiones
1021 2356 1161 2419 hostiurn
1190 2354 1261 2417 loco
1286 2377 1411 2420 movere

206 2460 390 2539 potuerunt,
415 2452 443 2516 is
465 2474 549 2516 nuuc
573 2453 725 2537 impetum
747 2452 870 2531 civium,
888 2455 938 2518 cui
960 2452 1139 2517 necessario
1161 2452 1333 2515 cedendum
1350 2460 1410 2529 est,

205 2550 431 2639 perhorrescit.

252 2650 364 2737 Neque
378 2671 398 2712 a
412 2648 501 2712 vobis
513 2650 580 2734 jam
595 2648 675 2712 bene
690 2647 822 2725 vivendi
836 2648 893 2712 sed
909 2648 1043 2712 honeste
1058 2646 1211 2712 moriendi
1226 2648 1411 2712 facultatem

204 2749 308 2837 petit:
342 2770 443 2832 neque
464 2754 531 2811 tam
550 2754 588 2810 ut
613 2747 706 2811 domo
726 2769 784 2810 sua
805 2747 929 2810 fruatur
959 2768 1052 2831 quam
1076 2768 1115 2810 ne
1139 2747 1242 2831 patrio
1266 2747 1412 2831 sepulcro

204 2847 350 2932 privetur
363 2845 497 2908 laborat.
545 2843 632 2906 Nihil
647 2843 731 2906 aliud
748 2843 816 2927 jam
831 2865 888 2906 vos
912 2851 984 2908 orat
1003 2851 1099 2928 atque
1115 2846 1270 2920 obsecrat,
1288 2843 1347 2906 nisi
1364 2834 1411 2907 uti

204 2967 248 3008 nc
263 2965 298 3007 se
313 2941 456 3026 legitImo
478 2941 588 3004 funere
607 2949 641 3004 et
659 2940 835 3005 domestica
850 2948 952 3005 morte
968 2939 1118 3025 privetis;
1146 2953 1182 3005 ut
1197 2962 1268 3004 eum
1284 2940 1337 3024 qui
1354 2963 1411 3024 pro

204 3038 313 3128 patria
327 3039 446 3102 nullum
466 3060 613 3122 umquam
636 3039 748 3102 mortis
773 3037 947 3123 periculum
967 3038 1050 3123 fugit
1069 3038 1100 3101 in
1116 3039 1221 3124 patria
1236 3039 1314 3102 mori
1330 3039 1411 3124 pati·

205 3159 314 3204 amrm.

204 3269 418 3333 outrdding‘se'
452 3269 498 3318 See
516 3269 636 3328 menon,
647 3270 718 3318 Verr.
729 3270 754 3318 ii.
768 3271 792 3320 8.
860 3272 900 3320 18.
916 3271 1200 3334 calaurprrtnrrrrcr'h]
1215 3269 1412 3318 Niebubrwrites

205 3355 227 3387 c.
240 3334 492 3394 tamn‘insinnne'
827 3336 932 3383 ‘volnus
962 3335 1128 3398 pertimescit!
1186 3337 1226 3384 lle
1253 3335 1336 3382 thinlrs
1358 3335 1411 3384 that

239 3402 331 3463 wcem]
350 3399 462 3447 NIebulu
472 3415 595 3462 compares
615 3400 659 3447 the
671 3399 794 3461 following
827 3399 914 3448 Cicero
925 3399 966 3446 dld
980 3405 1024 3448 not
1040 3407 1123 3462 repeat
1137 3416 1153 3448 a
1166 3401 1231 3448 word
1250 3415 1277 3448 sn
1292 3400 1410 3461 dissgree-

204 3481 306 3531 passage
325 3465 432 3528 (Caesar,
452 3464 483 3513 B.
501 3464 530 3513 C.
548 3465 565 3512 i.
585 3464 627 3527 7):
653 3465 792 3516 “Quoties-
824 3464 890 3525 sbly.
924 3465 974 3512 But
990 3465 1011 3511 Is
1028 3465 1048 3510 it
1062 3465 1231 3527 ditsgreesble,
1249 3465 1270 3512 if
1283 3466 1302 3512 it
1317 3466 1337 3512 is
1355 3480 1410 3526 pro·

205 3545 302 3592 cunque
323 3531 355 3576 sit
378 3529 509 3584 decretum,
532 3529 617 3576 darent
638 3529 792 3590 magistratus
824 3530 893 3590 perly
913 3529 989 3576 read?
1033 3528 1045 3575 1
1068 3544 1106 3576 sm
1130 3536 1173 3576 not
1194 3545 1249 3577 sure
1268 3530 1321 3576 that
1339 3529 1359 3576 it
1380 3530 1409 3576 is.

205 3608 355 3659 operamne
366 3594 424 3654 quid
442 3593 472 3641 lt.
485 3594 511 3643 P.
528 3593 666 3641 detrimenti
681 3600 791 3655 curreret:
825 3593 900 3641 Orelli
923 3593 1006 3640 thinks
1021 3592 1075 3640 that
1089 3592 1132 3640 the
1149 3594 1213 3640 word
1231 3594 1274 3640 has
1292 3595 1352 3640 been
1371 3609 1409 3640 re-

205 3676 255 3724 que
273 3673 331 3705 voce
349 3663 433 3719 etque
451 3658 476 3704 S.
497 3659 525 3706 C.
545 3660 650 3721 populus
668 3659 793 3705 Romnum
826 3657 914 3718 posted
932 3657 964 3719 by
986 3657 1028 3704 the
1046 3659 1146 3719 copyist,
1164 3658 1211 3704 and
1227 3658 1281 3703 that
1298 3658 1340 3704 the
1356 3659 1410 3704 first

205 3721 491 3774 ιοονἰιιοοίῑνοοοῑοο.η
827 3721 1016 3783 ‘perhorrescit'
1037 3723 1115 3782 might
1137 3721 1167 3768 bc
1188 3721 1297 3768 omitted.
1333 3721 1410 3768 Orelli

238 3787 348 3848 vellent]
387 3786 470 3840 Halm.
498 3786 553 3835 vrbo
584 3787 697 3834 observes
732 3786 793 3834 efter
825 3786 888 3832 finds
900 3785 942 3833 the
957 3801 1023 3832 same
1033 3785 1094 3832 fault
1112 3786 1170 3832 with
1183 3783 1314 3832 Niebubr's
1326 3799 1408 3832 emen-

161 3901 166 3918 1
204 3850 359 3912 Wesenberg
368 3851 423 3898 that
441 3851 484 3898 the
501 3852 579 3914 plural
595 3854 617 3898 is
635 3852 694 3898 used
707 3852 733 3898 in
744 3852 793 3898 this
824 3850 906 3898 datlen
917 3849 972 3896 that
983 3849 1094 3897 Niebuhr
1105 3849 1168 3896 finds
1185 3850 1210 3895 iu
1224 3850 1266 3895 the
1283 3853 1348 3906 text3
1366 3849 1409 3896 tha

205 3915 317 3964 formula.
350 3915 498 3977 Wesenberg
527 3931 642 3978 proposes
674 3915 790 3964 ‘volunt‘
824 3929 966 3962 occurrence
985 3914 1013 3960 of
1028 3913 1205 3976 ‘pertimescit'
1226 3927 1253 3960 so
1271 3927 1331 3960 soon
1348 3913 1409 3960 after

206 3979 464 4030 Niebuhrhas‘volt'
825 3978 929 4026 ‘timet'
962 3978 1015 4026 The
1038 3979 1128 4026 Greeks
1151 3977 1198 4024 and
1222 3977 1329 4028 Romans
1347 3993 1409 4025 were

240 4047 302 4092 milri
319 4061 370 4091 rem
385 4044 532 4106 publicam]
552 4045 663 4092 Niebuhr
674 4060 727 4105 says
739 4044 792 4092 that
824 4049 868 4091 not
889 4059 917 4092 so
939 4043 1080 4104 scrupulous
1094 4042 1169 4090 about
1185 4043 1312 4103 repetition
1328 4057 1355 4088 as
1372 4057 1408 4090 we

204 4111 275 4158 there
285 4108 449 4155 wouldbenn
459 4109 534 4155 doubt
543 4109 597 4155 that
607 4111 792 4170 rempublicam
823 4123 871 4155 are.
906 4107 962 4155 ltlo
976 4113 1019 4154 not
1032 4107 1136 4154 lunonis
1149 4107 1169 4154 it
1185 4107 1205 4154 le
1222 4111 1262 4167 yet
1279 4105 1341 4152 fixed
1353 4105 1408 4152 how

205 4177 227 4224 is
238 4175 280 4220 the
290 4188 378 4234 proper
389 4173 453 4218 word
464 4178 490 4218 to
501 4173 576 4218 insert
586 4174 611 4219 in
623 4175 665 4220 the
676 4175 792 4221 delectIve
824 4188 884 4220 soon
895 4187 910 4219 a
921 4171 986 4219 word
1001 4187 1055 4233 may
1066 4171 1097 4218 be
1113 4172 1207 4218 written
1224 4171 1293 4230 again
1309 4170 1371 4216 aller
1387 4169 1407 4217 it

205 4245 259 4286 text
280 4238 368 4284 ottho
389 4237 454 4292 Ms,
476 4235 497 4282 if
516 4237 547 4283 he
563 4237 634 4284 could
650 4253 723 4299 prove
737 4239 790 4285 that
821 4237 865 4284 has
888 4237 949 4284 been
971 4251 1030 4284 once
1051 4237 1154 4283 written.
1195 4235 1266 4280 Some
1287 4234 1364 4280 words
1380 4234 1407 4280 ol

205 4305 292 4352 Cicero
313 4316 368 4347 ever
389 4300 440 4347 said
460 4305 525 4347 'rem
540 4301 661 4362 publicam
678 4301 788 4349 auferre!
821 4302 939 4362 necessity
950 4307 1015 4348 must
1025 4301 1092 4348 osan
1102 4301 1133 4348 be
1143 4299 1245 4356 written,
1257 4313 1284 4345 or
1294 4313 1330 4346 we
1341 4303 1407 4346 must

205 4368 289 4417 Baiter
304 4365 388 4412 thinks
399 4365 452 4411 that
462 4365 504 4412 the
515 4381 584 4413 sense
594 4367 675 4412 rather
685 4368 790 4427 requires
822 4372 877 4428 stop
889 4366 991 4426 writing.

206 4432 348 4481 ‘consulare
357 4429 502 4492 imperium’
513 4446 541 4479 or
553 4431 689 4478 ‘cumulare
697 4430 755 4491 μ’
855 4431 919 4479 merl
933 4429 1088 4492 palamst]
1108 4429 1196 4490 Pecplc
1209 4441 1264 4554 ἵζε]
1277 4427 1326 4475 rttll
1337 4425 1407 4474 differ
