3517 5325
732 474 832 541 OAP.
856 477 995 540 12-14.
1403 481 1467 547 269

263 667 462 733 quocumque
473 651 604 710 ventum
619 645 671 723 sit,
681 647 783 711 nostri
797 647 959 712 exercitus
972 647 1079 713 lerant
1092 647 1163 733 quis
1176 649 1322 733 ignorati
1345 649 1468 715 Itinera

263 767 345 830 quae
368 765 426 830 per
450 744 548 807 hosce
571 765 672 808 annos
701 743 733 806 in
765 744 860 808 Italia
885 766 942 829 per
965 766 1063 830 agros
1086 755 1184 830 atque
1208 748 1326 831 oppida
1351 748 1468 812 civium

263 841 480 906 Romanorum
498 841 599 905 nostri
622 841 831 927 imperatores
853 842 987 906 fecerint
1007 843 1235 906 recordamini:
1260 853 1329 908 tum
1343 845 1467 910 facilius

193 970 197 976 ·
262 939 414 1004 statuetis
444 937 519 1023 quid
554 939 638 1024 apud
672 945 798 1002 exteras
830 940 977 1004 nationes
1000 940 1070 1004 fieri
1099 939 1300 1004 existimetis.
1346 942 1467 1007 Utrum

261 1039 368 1123 plures
383 1036 580 1102 arbitramini
600 1059 656 1122 per
679 1037 776 1102 hosce
798 1059 900 1102 annos
920 1038 1056 1102 militum
1071 1046 1249 1102 vestrorum
1274 1040 1372 1104 armis
1393 1042 1465 1105 hos·

262 1136 341 1200 tium
366 1137 462 1200 urbes
484 1157 526 1198 an
550 1135 690 1198 hibernis
714 1135 872 1200 sociorum
896 1136 1043 1201 civitates
1068 1159 1138 1200 esse
1164 1138 1309 1202 deletas?
1352 1137 1466 1224 Neque

262 1233 344 1297 enim
360 1241 468 1318 potest
483 1233 658 1298 exercitum
673 1233 700 1297 is
715 1233 877 1298 continere
897 1234 1079 1318 imperator,
1096 1235 1151 1318 qui
1170 1257 1206 1299 se
1231 1235 1298 1321 ipse
1313 1257 1376 1300 non
1391 1259 1466 1300 con·

261 1331 361 1406 tinet;
387 1353 489 1416 neque
511 1352 640 1394 severus
659 1353 730 1395 esse
745 1331 777 1394 in
793 1331 976 1415 judicando,
993 1333 1046 1416 qui
1061 1332 1140 1396 alios
1155 1333 1188 1394 in
1201 1354 1237 1395 se
1252 1355 1381 1397 severos
1395 1355 1465 1398 esse

257 1428 382 1512 judices
397 1451 460 1492 non
475 1428 553 1492 vult.
600 1427 665 1490 Hic
692 1428 842 1491 miramur
863 1429 948 1493 hune
973 1429 1134 1493 hominem
1158 1437 1286 1493 tantum
1312 1430 1465 1494 excellere

261 1527 383 1606 ceteris,
401 1527 492 1611 cujus
506 1525 646 1612 legiones
661 1525 708 1589 sie
719 1525 751 1588 in
767 1526 880 1589 Asiam
896 1527 1097 1611 pervenerint
1111 1535 1149 1592 ut
1163 1549 1227 1591 non
1241 1527 1336 1591 modo
1351 1549 1465 1592 manus

260 1625 344 1690 tanti
360 1625 527 1700 exercitus,
544 1624 600 1688 sed
623 1645 664 1687 ne
678 1623 847 1709 vestigium
863 1624 991 1710 quidem
1013 1624 1161 1708 cuiquam
1176 1633 1293 1710 pacato
1316 1625 1464 1690 nocuisse

261 1724 407 1788 dicaturl
450 1723 527 1786 Jam
543 1745 616 1786 vero
631 1722 896 1807 quemadmodum
912 1721 1026 1786 milites
1045 1722 1224 1799 hibernent,
1241 1723 1383 1806 quotidie
1397 1745 1464 1786 ser·

259 1844 369 1886 mones
384 1843 422 1885 ac
437 1821 563 1886 litterae
588 1821 800 1906 perferuntur.
846 1819 920 1884 Non
944 1821 1039 1883 modo
1062 1827 1101 1884 ut
1125 1828 1288 1904 sumptum
1310 1820 1409 1884 faciat
1430 1820 1464 1883 in

259 1919 391 1984 militem
406 1919 522 1983 nemini
536 1918 584 1982 vis
608 1917 749 1995 affertur,
766 1917 822 1982 sed
843 1936 888 1982 ne
909 1917 1052 2002 cupienti
1077 1917 1204 2002 quidem
1224 1917 1371 2003 cuiquam
1392 1940 1463 2003 per·

258 2017 408 2081 mittitur.
455 2016 580 2080 Hiemis
595 2016 677 2079 enim
700 2037 765 2078 nou
783 2015 937 2080 avaritiae
952 2015 1132 2101 perfugium
1146 2015 1285 2099 majores
1305 2015 1408 2080 nostri
1430 2017 1464 2080 in

259 2113 417 2176 sociorum
439 2121 536 2199 atque
553 2113 726 2177 amicorum
741 2112 838 2177 tectis
852 2135 925 2178 esse
939 2114 1115 2178 voluerunt.
1159 2113 1263 2178 XIV.
1287 2113 1362 2196 Age
1376 2136 1461 2192 vero,

259 2211 374 2274 ceteris
388 2211 420 2274 in
436 2213 530 2275 rebus
545 2210 666 2295 quasit
687 2211 901 2295 temperantia
923 2211 1132 2276 considerate.
1179 2209 1276 2274 Unde
1291 2211 1376 2274 illam
1391 2220 1462 2276 tan·

258 2316 324 2373 tam
354 2309 551 2374 celeritatem
581 2316 615 2374 et
643 2315 711 2372 tam
736 2308 951 2372 incredibilem
974 2330 1102 2372 cursum
1128 2309 1292 2371 inventum
1318 2310 1463 2392 putatis!

258 2405 332 2470 Non
356 2408 439 2471 euim
465 2406 552 2470 illum
578 2405 693 2470 eximia
720 2405 767 2468 vis
790 2404 955 2490 remigum,
982 2411 1041 2467 aut
1064 2425 1118 2467 ars
1140 2404 1283 2468 inaudita
1306 2405 1462 2488 quaedam

256 2505 462 2591 gubernandi,
479 2512 535 2568 aut
560 2503 645 2567 venti
668 2502 764 2586 aliqui
788 2502 860 2565 novi
884 2509 952 2565 tam
974 2500 1120 2565 celeriter
1145 2501 1178 2562 in
1203 2501 1334 2564 ultimas
1356 2509 1461 2566 terras

256 2603 464 2689 pertulerunt,
481 2601 538 2666 sed
562 2601 621 2665 hae
641 2621 701 2675 res,
719 2621 800 2685 quae
820 2603 947 2663 eeteros
970 2597 1121 2662 remorari
1144 2598 1257 2677 solent,
1274 2620 1337 2662 nou
1359 2607 1460 2663 retar-

256 2702 391 2764 darunt:
416 2721 481 2763 non
496 2698 630 2762 avaritia
652 2699 694 2762 ab
716 2698 867 2762 instituto
883 2718 977 2761 cursu
991 2696 1034 2759 ad
1048 2698 1199 2781 praedam
1213 2697 1349 2782 aliquam
1365 2699 1459 2762 devo·

193 2787 198 2797 ¹
256 2796 351 2873 cavit,
368 2818 431 2859 non
456 2796 554 2860 libido
573 2796 614 2859 ad
628 2796 834 2880 voluptatem,
850 2815 915 2857 non
938 2794 1116 2858 amoenitas
1138 2794 1179 2857 ad
1204 2794 1457 2873 delectationem,

255 2916 319 2958 non
348 2892 498 2957 nobilitas
523 2894 623 2956 Urbis
652 2894 693 2957 ad
718 2892 941 2978 cognitionem,
969 2912 1032 2955 non
1056 2891 1192 2975 denique
1214 2892 1303 2955 labor
1326 2892 1395 2977 ipse
1417 2894 1460 2957 ad

255 2992 413 3077 quietem:
438 3000 599 3076 postremo
625 2991 717 3077 signa
740 3000 774 3055 et
799 2988 927 3055 tabulas
955 2996 1122 3075 ceteraque
1146 2996 1332 3055 ornamenta
1358 2991 1459 3056 Grae·

254 3084 363 3155 corum
379 3090 574 3175 oppidorum,
592 3110 672 3174 quae
687 3088 785 3154 ceteri
800 3087 940 3152 tollenda
963 3110 1034 3152 esse
1050 3088 1256 3166 arbitrantur,
1278 3110 1317 3152 ea
1330 3088 1392 3153 sibi
1406 3089 1458 3155 ille

286 3315 394 3376 Itinera]
414 3314 499 3363 Cicero
517 3311 566 3377 (hd
584 3313 615 3366 Q
634 3312 673 3361 rr.
691 3312 707 3360 i.
729 3314 750 3361 1.
761 3328 783 3361 c.
795 3310 839 3375 2):
873 3326 980 3373 urgency
990 3310 1019 3358 oi
1024 3310 1068 3358 tho
1077 3310 1196 3367 business,
1207 3310 1255 3358 and
1266 3310 1340 3358 sailed
1351 3315 1406 3373 past
1415 3311 1458 3360 tha

255 3382 330 3426 “non
340 3379 464 3427 itineribus
475 3380 523 3427 tuis
530 3378 655 3443 perterreri
664 3379 782 3437 homines,
790 3393 839 3425 non
872 3377 941 3424 citios
951 3377 977 3424 in
988 3376 1026 3423 his
1042 3376 1119 3434 haste,
1136 3376 1186 3423 still
1194 3376 1225 3423 ho
1241 3376 1282 3423 did
1299 3382 1343 3423 not
1358 3392 1414 3438 pass
1425 3376 1458 3439 hy

254 3448 352 3505 sumptu
361 3444 487 3503 exhauriri,
499 3459 547 3491 non
554 3444 658 3491 advemu
667 3440 839 3499 commoveri‚”
871 3441 974 3497 Athens,
991 3441 1194 3503 butheventnp
1205 3446 1231 3487 to
1242 3442 1270 3487 it.
1303 3440 1456 3489 Astcrsacri·

255 3512 298 3555 tac.
332 3509 388 3556 And
407 3510 475 3571 again
500 3508 581 3573 (c.li):
601 3508 666 3555 “sed
684 3509 730 3556 hoc
743 3514 769 3556 ot
785 3506 839 3555 bre·
872 3505 1019 3554 limatothe
1030 3506 1156 3567 gods,and
1166 3504 1456 3568 ddrossiogthepeople,

254 3574 376 3620 vissimum
388 3580 424 3621 ost
441 3579 466 3621 et
483 3573 595 3621 facillime
611 3574 687 3621 teneri
705 3578 793 3635 potest,
811 3576 839 3619 ut
869 3573 922 3633 just
931 3571 996 3619 ashe
1006 3572 1167 3633 wasquitting
1177 3571 1219 3617 the
1225 3571 1293 3632 place
1303 3570 1335 3619 he
1345 3571 1456 3619 readtwo

253 3638 289 3685 ita
300 3652 326 3684 so
336 3644 421 3699 gerant
431 3639 457 3686 in
469 3639 523 3686 istis
540 3638 653 3685 datatim
669 3638 795 3685 itineribus
811 3642 839 3683 ut
870 3636 1034 3697 ἰιιισίριίοιιι,
1053 3636 1113 3683 each
1134 3636 1163 3682 of
1181 3651 1197 3682 a
1217 3636 1295 3697 single
1316 3650 1390 3690 vsrso.
1413 3636 1455 3683 ad·

253 3703 330 3750 siiter
338 3704 417 3764 Appia
427 3704 465 3750 vis
476 3704 571 3758 laceras,
578 3718 639 3750 neve
646 3704 760 3749 interesse
771 3702 839 3764 quid·
873 3700 972 3748 dressed
982 3700 1070 3747 tobim
1080 3717 1088 3760 ;
1098 3699 1141 3747 the
1148 3715 1194 3747 one
1205 3700 1288 3746 within
1299 3698 1342 3745 the
1352 3705 1407 3759 gste
1415 3718 1456 3746 :-

253 3782 325 3829 quam
348 3774 435 3830 putent
456 3774 538 3816 utrum
562 3767 654 3815 rl'ralles
676 3781 707 3814 nn
730 3766 838 3815 Formias
904 3794 920 3818 u
929 3788 965 3837 A,
983 3788 1043 3835 ,hou
1060 3788 1147 3835 mr„
1167 3787 1260 3849 Μαι(
1277 3802 1293 3833 ⁸
1313 3787 1407 3844 mom,
1427 3801 1454 3835 ω

252 3832 387 3879 nudilith„
1087 3853 1093 3864 ·
1280 3850 1305 3881 ,n

286 3896 569 3958 Hiemis—persarum]
608 3895 719 3943 ‘Hiemis
755 3893 836 3957 perlu-
966 3850 1286 3961 thoummul'thfgod’

251 3961 330 4023 gium'
358 3962 379 4009 is
401 3962 527 4023 compared
552 3960 610 4007 with
636 3960 679 4007 the
699 3958 837 4021 expression
870 3932 1197 3981 “ndth‘tffllhwmde‘

253 4024 299 4073 Pro
318 4026 428 4113 ilserrlna,
440 4041 460 4073 c.
473 4028 520 4073 34:
532 4024 694 4101 '‘perfugium·
706 4028 839 4111 poqtusque
903 4008 1073 4119 ’ἜῙἪ
1083 4006 1309 4118 glffllsffirnfflr
1334 4020 1371 4053 ΨΘ
1400 4020 1454 4053 ¹¹⁰!

251 4091 385 4217 lhdpdlqildhh
395 4088 743 4203 thuilhihhuhffiodfflhb
755 4102 838 4212 sandidly
902 4088 1020 4209 ιὶφιιαωῖι
1042 4087 1151 4208 tebaldi]
1182 4104 1267 4195 Cidero
1289 4160 1343 4206 says
1364 4150 1392 4192 to
1416 4147 1454 4194 his

251 4220 324 4267 itsell.
870 4214 969 4261 brother
986 4214 1100 4267 Quintus,
1118 4213 1186 4258 when
1201 4212 1233 4258 he
1243 4225 1290 4257 vas
1301 4224 1418 4270 governor
1429 4212 1457 4259 ol

286 4286 324 4332 14.
343 4280 611 4346 quariuemperralia]
631 4278 837 4327 'lherearsread-
870 4279 929 4326 Asis
947 4277 1046 4340 (th.
1064 4276 1103 4323 rr.
1121 4276 1137 4322 i.
1152 4274 1260 4337 1.c.2):
1279 4274 1453 4324 “Praeclarum

250 4348 427 4411 ings‘qunlls,'
441 4346 537 4411 ‘quali‚’
549 4346 596 4393 and
609 4344 704 4407 ‘quae’
868 4348 907 4389 est
927 4343 992 4391 enim
1014 4354 1109 4388 summo
1129 4356 1185 4387 cnm
1211 4339 1312 4400 imperio
1333 4340 1406 4387 fuisse
1428 4342 1453 4387 in

283 4415 400 4461 nobilitas
420 4414 504 4475 Urbis]
523 4410 593 4459 After
614 4410 708 4470 leaving
731 4406 836 4455 Brundi·
868 4407 927 4454 Asis
947 4406 1077 4453 trienninm
1096 4405 1130 4452 sic
1149 4410 1177 4452 ut
1195 4405 1289 4451 nullum
1305 4408 1331 4451 te
1348 4404 1452 4465 signum,

251 4478 323 4535 dum,
335 4478 448 4525 Plutarch
460 4476 557 4541 (Pomp.
569 4490 590 4524 c.
603 4473 646 4537 27)
658 4488 712 4536 says
723 4472 751 4521 ol
765 4472 836 4520 Pom·
868 4471 936 4519 nulls
946 4471 1056 4535 pictura.
1070 4504 1077 4516 .
1090 4503 1097 4516 .
1108 4468 1139 4517 ab
1150 4484 1245 4517 summa
1254 4469 1390 4531 integritate
1396 4485 1454 4518 oon·

250 4542 335 4604 peius:
354 4546 370 4571 ⁴¹
380 4542 431 4590 But
440 4542 533 4604 though
545 4540 576 4589 he
587 4554 635 4587 vas
646 4538 743 4603 pressari
754 4538 786 4600 by
795 4537 838 4585 ths
869 4536 1018 4599 manusque
1027 4534 1179 4583 deduxerit.”
