3517 5325
547 481 767 547 AMERINO
791 482 893 548 CAP.
917 486 1056 548 11-13.
1360 484 1402 549 67

195 660 235 719 ιι
250 674 359 719 omnes
373 652 457 717 cives
478 674 553 717 suos
573 652 748 739 perdiderit
767 660 803 719 et
822 652 989 719 afflixerit:
1014 675 1096 739 quoe
1117 653 1191 739 quia
1204 674 1330 717 serrare
1343 674 1402 738 per

195 752 461 839 compositionem
475 751 610 830 volebat,
627 751 695 838 ipse
709 753 751 815 ab
767 752 805 817 iis
820 752 1034 836 interemptus
1055 759 1117 815 est.
1163 750 1265 814 Estne
1280 750 1341 814 hoc
1355 748 1400 813 illi

196 850 286 915 dicto
300 852 398 935 atquc'
411 849 498 913 facto
515 848 700 913 Fimbriano
714 848 929 914 simillimum!
952 850 1127 914 Accusatio
1142 848 1219 913 Sex.
1237 848 1399 911 Roscium.

198 949 284 1028 Quid
299 948 366 1013 itat
387 946 462 1031 quia
486 946 526 1010 de
548 946 693 1011 manibus
716 946 831 1010 vestris
855 946 989 1031 effugit:
1015 947 1088 1032 quia
1112 967 1148 1011 se
1173 946 1273 1009 occidi
1288 967 1401 1030 passus

196 1066 263 1109 non
277 1052 336 1110 est.
383 1043 464 1107 Illud
480 1043 554 1128 quia
577 1043 610 1107 in
635 1042 787 1107 Scaevola
810 1043 931 1109 lactum
945 1052 996 1109 est
1018 1044 1120 1130 magis
1137 1043 1301 1129 indignum
1316 1042 1401 1108 vide·

197 1149 275 1218 tur;
301 1142 371 1219 hoc,
388 1140 463 1226 quia
488 1140 526 1205 fit
550 1162 570 1204 a
597 1140 814 1226 Chrysogono,
842 1162 918 1205 num
941 1148 993 1206 est
1015 1142 1202 1207 ierendumi
1247 1140 1330 1204 Nam
1345 1161 1402 1225 per

198 1240 288 1304 Deos
303 1238 509 1317 immortales,
527 1238 603 1324 quid
619 1238 693 1303 est
684 1261 717 1303 ιι
732 1238 791 1303 hac
807 1260 921 1303 caussa
936 1224 1020 1323 quod
1035 1238 1226 1303 defensionis
1240 1237 1401 1323 indigeat!

198 1359 253 1422 qur
245 1335 380 1401 locus
371 1335 532 1421 ingenium
547 1336 673 1421 patroni
688 1336 820 1421 requirit
834 1344 892 1401 aut
902 1336 1038 1401 oratoris
1053 1336 1266 1420 eloquentiam
1285 1356 1401 1419 magno

198 1456 296 1519 opere
312 1433 495 1498 desiderati
541 1432 657 1498 Totam
672 1455 828 1509 caussam,
852 1433 989 1517 judiees,
1005 1432 1198 1517 explicemus
1212 1438 1310 1517 atque
1324 1438 1401 1496 ante

198 1531 310 1597 oculos
324 1530 501 1616 expositam
522 1530 777 1596 consideremus:
802 1532 849 1596 ita
871 1530 1019 1596 facillime
1033 1552 1114 1615 quae
1137 1552 1188 1594 res
1202 1537 1307 1595 totum
1317 1528 1402 1613 judi·

198 1628 285 1693 cium
300 1628 466 1693 contineat
480 1634 514 1691 et
529 1628 645 1713 quibus
661 1628 700 1691 de
715 1629 810 1693 rebus
832 1649 892 1691 nos
912 1628 1018 1691 dicere
1040 1634 1191 1711 oporteat
1204 1634 1240 1691 et
1254 1627 1331 1712 quid
1344 1648 1402 1691 vos

198 1727 291 1813 sequi
317 1726 484 1791 conveniat
509 1724 700 1810 intelligetis
747 1724 852 1789 XIII.
878 1725 958 1789 Tres
984 1732 1059 1788 sunt
1084 1746 1146 1801 res,
1174 1732 1327 1809 quantum
1341 1744 1402 1808 ego

198 1824 382 1889 existimare
397 1844 534 1908 possum,
550 1843 630 1907 quae
646 1823 775 1887 obstent
790 1822 851 1887 hoc
866 1829 1012 1907 tempore
1025 1820 1100 1885 Sex.
1116 1820 1258 1895 Rosci03
1284 1820 1402 1884 crimen

198 1920 452 1985 adversariorum
466 1927 500 1985 et
515 1920 647 1985 audacia
662 1920 861 2005 etpdtentia.
907 1918 1055 1983 Criminis
1069 1918 1290 1983 confictionem
1309 1940 1402 1982 aecu-

199 2026 291 2083 sator
315 2018 450 2083 Erucius
465 2017 624 2104 suscepit:
658 2018 810 2083 audaciae
825 2025 934 2103 partes
959 2016 1067 2080 Roscii
1091 2016 1153 2081 sibi
1168 2022 1399 2102 poposcerunt:

200 2116 427 2201 Chrysogonus
440 2122 558 2194 autem,
575 2115 602 2179 is
617 2114 669 2200 qui
685 2115 852 2201 plurimum
866 2121 984 2200 potest,
1008 2113 1153 2199 potentia
1174 2121 1307 2199 pugnat.
1352 2113 1403 2178 De

200 2213 289 2278 hisce
304 2214 450 2278 omnibus
464 2216 557 2279 rebus
570 2235 622 2277 me
637 2214 741 2279 dicere
761 2220 910 2299 oportere
922 2212 1075 2297 intelligo.
1121 2211 1205 2291 Quid
1220 2212 1318 2296 Igitur
1330 2212 1403 2275 esti

201 2311 277 2375 Non
292 2312 403 2376 codem
416 2312 511 2376 modo
526 2312 566 2376 de
581 2311 726 2376 omnibus
739 2338 748 2386 ;
773 2312 845 2375 ideo
861 2311 947 2396 quod
973 2310 1075 2395 prima
1095 2309 1149 2373 illa
1170 2330 1222 2373 rea
1242 2309 1284 2371 ad
1298 2329 1404 2371 meum

200 2410 340 2473 officium
355 2411 514 2495 pertinet;
539 2410 617 2473 duas
632 2416 740 2475 autem
755 2408 893 2494 reliquas
907 2407 1000 2499 vobis
1012 2399 1148 2492 populus
1171 2406 1334 2469 Romnum
1347 2406 1404 2468 im·

200 2506 321 2591 posuit.
367 2507 439 2593 Ego
455 2508 574 2571 crimen
600 2513 728 2592 oportet
751 2506 888 2571 diluam:
913 2527 970 2570 vos
989 2513 1024 2569 et
1037 2502 1191 2567 audaciae
1206 2502 1356 2567 resistere
1371 2508 1406 2566 et

201 2605 364 2670 hominum
394 2604 550 2690 ejusmodi
579 2604 790 2690 perniciosam
825 2611 924 2688 atque
960 2600 1192 2666 intolerandam
1227 2598 1406 2686 potentiam

200 2703 306 2788 primo
322 2723 445 2787 quoque
459 2709 602 2785 tempore
617 2700 823 2786 exstinguere
838 2707 936 2785 atque
951 2698 1128 2784 opprimere
1142 2697 1277 2762 debetis.

246 2799 411 2864 Occidisse
426 2805 549 2883 patrem
566 2797 640 2862 Sex.
657 2797 792 2862 Roscius
806 2798 962 2882 arguitur.
1008 2796 1195 2869 Scelestum,
1210 2794 1264 2858 Dii
1279 2793 1405 2858 immor-

168 2967 175 2976 ,
200 2899 296 2974 tales,
314 2918 352 2960 ac
364 2895 518 2959 nefarium
532 2895 663 2971 facinus,
679 2903 776 2981 atque
792 2895 946 2980 ejusmodi
961 2916 1024 2980 quo
1039 2915 1102 2958 uno
1117 2893 1272 2958 maleficio
1287 2892 1407 2956 scelera

202 2993 313 3060 omnia
336 2991 504 3078 complexa
526 3015 596 3058 esse
619 2992 796 3058 videantur.
842 2992 973 3057 Etenim
998 2991 1026 3056 si
1048 2991 1082 3054 id
1104 2992 1189 3076 quod
1210 2991 1407 3077 praeclarae

203 3091 401 3178 sapientibus
426 3090 551 3168 dicitur,
577 3091 666 3156 vultu
691 3113 785 3177 saepe
810 3091 948 3157 laeditur
973 3090 1086 3176 pietas,
1111 3092 1197 3176 quod
1218 3089 1408 3176 supplicium

90 3207 96 3220 '
203 3190 286 3255 satis
300 3211 373 3256 acre
387 3189 564 3274 reperietur
578 3189 611 3252 in
626 3211 698 3254 eum
722 3189 777 3274 qui
800 3197 937 3254 mortem
959 3187 1110 3254 obtulerit
1124 3189 1258 3274 parenti,
1274 3209 1407 3274 proquo

204 3287 285 3352 mori
300 3288 411 3372 ipsum,
428 3287 456 3351 si
470 3309 523 3351 nes
537 3288 723 3371 postularet,
738 3288 812 3372 jura
826 3287 933 3350 divina
953 3294 1052 3371 atque
1072 3286 1211 3350 humana
1226 3286 1407 3372 cogebanti

207 3384 245 3450 Iu
261 3386 322 3449 hoc
337 3391 439 3462 tanto,
466 3391 534 3448 tam
557 3385 667 3462 atroci,
693 3391 761 3449 tam
786 3383 938 3469 singulari
963 3383 1127 3461 maleficio,
1154 3384 1239 3469 quod
1263 3383 1310 3448 ita
1334 3403 1406 3446 raro

206 3483 334 3548 exstitit
348 3491 393 3559 ut,
410 3482 438 3546 si
453 3482 578 3567 quando
593 3481 737 3546 auditum
753 3480 805 3560 sit,
823 3481 963 3566 portenti
977 3503 1016 3545 ac
1032 3481 1167 3567 prodigii
1183 3481 1284 3545 simile
1298 3502 1405 3544 nume·

206 3589 305 3656 retur,
321 3579 435 3665 quibus
450 3579 578 3644 taudem
593 3587 635 3658 te,
653 3577 689 3644 C.
714 3579 820 3658 Eruci,
844 3579 1039 3662 argumentis
1060 3586 1281 3644 accusatorem
1296 3599 1408 3643 censes

208 3679 255 3742 nti
271 3678 438 3763 oportere!
482 3677 595 3742 Nonne
611 3683 645 3741 et
658 3677 823 3742 audaciam
845 3678 916 3761 ejus
936 3677 992 3762 qui
1016 3677 1049 3740 in
1065 3677 1183 3742 crimen
1198 3681 1330 3740 vocetur
1344 3677 1407 3739 sin-

207 3775 349 3859 gularem
364 3775 539 3854 ostendere,
556 3782 590 3840 et
604 3797 708 3839 mores
730 3775 815 3839 ieros
836 3775 1068 3860 immanemque
1089 3782 1245 3849 naturam,
1261 3782 1296 3838 et
1310 3774 1408 3836 vitam

208 3873 293 3937 vitiis
307 3872 499 3958 flagitiisque
513 3871 659 3944 omnibus
674 3871 824 3949 deditam,
841 3877 875 3934 et
897 3871 1031 3955 denique
1053 3872 1159 3934 omnia
1180 3872 1222 3934 ad
1236 3869 1408 3954 perniciem

240 4103 478 4166 Estnetocwtr]
488 4103 514 4151 Ιι
525 4103 634 4152 notitiis
642 4103 660 4151 ι’
685 4103 789 4152 Seel’ro
821 4099 1238 4166 nonnamr’m-Orrntaa)
1238 4099 1408 4162 ιιιιιιιςιιιι-

210 4167 384 4226 Ρ.ιιιιιιιιο,ο
385 4171 444 4218 ,ιιι
478 4167 664 4216 Klotchwno
666 4169 789 4216 nsimilli·
823 4169 890 4216 nuile:
894 4166 1174 4215 'V..lIVerrii..c2
1175 4167 1267 4214 ..-oe
1269 4163 1408 4279 ίοιιιίιιιιιιι

210 4245 275 4280 mum
823 4247 866 4280 cau
868 4230 930 4280 szsa’
957 4245 1042 4279 ιιιοιι
1020 4231 1086 4278 what
1108 4231 1257 4286 tollermc.
1285 4221 1363 4286 ιι·

244 4297 281 4345 ιιι
302 4297 402 4358 Quidiy
403 4299 477 4346 treta
476 4295 731 4358 ιιι]ιιιιιιιιιιίιιιιιιο
738 4311 791 4358 says
823 4298 1009 4360 lpseeecnsatcr
1025 4294 1146 4356 objecit?
1162 4294 1235 4342 ande
1236 4295 1316 4350 ..⁶19
1317 4235 1408 4357 ‘atqiie

211 4361 332 4412 ‘uiterd
306 4361 477 4423 crgoeat'as
451 4359 782 4416 stampato
769 4359 1360 4423 cidobjirmmcarequodplanumtaearen
1336 4361 1408 4408 mood

210 4427 266 4472 ι.-
267 4427 384 4487 'ier’ptas
403 4423 635 4488 dutytoparcnta!
669 4395 791 4473 “Justitia
823 4439 872 4473 non
884 4423 1338 4488 pcfflwrrammneeocriaquidemd
1341 4423 1408 4473 ’and

210 4502 266 4550 erga
294 4490 352 4539 deos
376 4491 467 4554 religio,
496 4505 553 4553 erga
575 4493 686 4552 parantes
713 4489 790 4552 pietas
824 4492 897 4539 ιιι.
