3517 5325
340 481 404 550 all
655 475 790 544 ORAT.
814 476 906 544 PRO
929 475 972 548 A·
996 474 1236 544 OLUENTIO

340 649 550 718 affinitatibus
564 649 695 716 adducti
710 656 833 713 veteres
848 647 1031 712 iuimicitias
1045 669 1140 732 saepe
1155 647 1337 732 deponunt:
1361 644 1416 708 illa
1429 644 1491 710 sibi
1500 646 1546 710 ad

341 748 572 814 confirmandas
586 747 767 814 inimicitias
781 746 948 812 affinitatis
962 745 1217 832 conjunctionem
1231 743 1357 830 pignori
1371 743 1440 807 sore
1450 751 1547 828 puta·

341 847 396 912 vit.
442 846 553 931 Neque
568 845 601 908 in
616 867 654 910 eo
669 845 770 908 solum
785 844 920 928 diligens
934 843 996 910 fuit
1009 852 1048 908 ut
1068 851 1289 909 accusatorem
1303 842 1369 906 filio
1383 863 1443 906 suo
1457 864 1547 906 com-

341 952 490 1031 pararet;
525 945 582 1008 sed
607 943 704 1007 etiam
725 942 879 1027 cogitavit
905 942 1019 1026 quibus
1044 964 1118 1005 eum
1143 942 1238 1005 rebus
1259 950 1408 1004 armaret.
1455 941 1548 1002 Hinc

340 1043 424 1110 enim
439 1042 510 1108 illae
525 1041 764 1106 sollicitationes
778 1061 941 1104 servorum
964 1047 998 1104 et
1020 1039 1114 1102 minis
1137 1047 1172 1104 et
1194 1038 1367 1124 promissis,
1383 1039 1457 1102 hinc
1471 1039 1546 1102 illae

341 1141 482 1206 infinitae
504 1137 799 1224 crudelissimaeque
823 1138 863 1202 de
883 1147 987 1202 morte
1002 1136 1169 1222 Oppianici
1183 1136 1404 1224 quaestionesi
1429 1135 1548 1220 quibus

340 1239 435 1304 finem
449 1236 616 1322 aliquando
638 1257 700 1298 non
720 1234 859 1298 mulieris
872 1235 987 1298 modus
1008 1234 1065 1298 sed
1079 1233 1253 1298 amicorum
1266 1233 1442 1298 auctoritas
1454 1233 1546 1298 fecit.

341 1337 396 1400 Ab
407 1336 518 1402 eodem
530 1333 647 1400 scelere
656 1334 727 1398 illae
738 1332 873 1400 triennio
881 1332 1093 1417 posthabitae
1104 1332 1213 1396 Larini
1222 1332 1444 1416 quaestionem
1458 1333 1544 1415 ejus

341 1434 413 1498 dem
430 1433 588 1499 amentiae
602 1432 699 1496 falsae
715 1431 964 1517 conscriptiones
978 1429 1221 1516 quaestionum
1245 1453 1286 1494 ex
1303 1430 1414 1494 eodem
1437 1429 1547 1492 lurore

340 1532 437 1598 etiam
446 1533 498 1596 illa
506 1529 865 1597 conscelerataexsectio
871 1528 1013 1614 linguam
1028 1529 1130 1594 totius
1138 1528 1272 1614 denique
1280 1528 1376 1614 hujus
1384 1527 1484 1591 abilla
1491 1533 1548 1591 est

340 1638 375 1696 et
390 1631 566 1696 inventast
581 1629 737 1698 adornata
752 1627 948 1713 comparatio
963 1625 1113 1691 criminis.
1150 1627 1261 1712 Atque
1275 1627 1325 1690 his
1339 1627 1434 1690 rebus
1444 1647 1548 1710 quum

340 1723 531 1790 instructum
555 1729 774 1788 accusatorem
796 1721 860 1784 filio
883 1743 942 1786 suo
957 1720 1094 1785 Romam
1116 1721 1265 1800 misisset,
1281 1721 1351 1806 ipsa
1371 1721 1547 1808 paullisper

341 1821 626 1905 conquirendorum
642 1826 677 1886 et
691 1820 970 1884 conducendorum
985 1819 1117 1883 testium
1131 1841 1245 1884 caussa
1262 1818 1370 1884 Larini
1392 1826 1443 1882 est
1457 1839 1545 1882 com-

339 1925 483 1991 morata;
522 1925 634 2003 postea
663 1925 772 1982 autem
802 1939 898 2002 quam
925 1916 1178 2002 appropinquare
1194 1914 1303 2003 'hujus
1328 1916 1484 2001 judicium
1511 1915 1545 1980 ei

340 2015 520 2080 nuntiatum
535 2021 596 2090 est,
613 2015 782 2080 confestim
797 2015 860 2078 huc
883 2015 1044 2080 advolavit
1066 2037 1107 2080 ne
1129 2023 1188 2080 aut
1210 2013 1452 2080 accusatoribus
1473 2013 1545 2077 dili-

339 2113 450 2199 gentia
471 2121 529 2178 aut
551 2113 684 2199 pecunia
708 2112 844 2178 testibus
868 2113 1003 2191 deesset,
1020 2122 1078 2178 aut
1100 2135 1141 2179 ne
1164 2114 1247 2178 forte
1271 2121 1373 2178 mater
1395 2113 1458 2176 hoc
1480 2111 1546 2176 sibi

339 2211 574 2298 optatissimum
600 2211 817 2296 spectaculum
842 2211 937 2295 hujus
965 2212 1106 2277 sordium
1134 2220 1233 2298 atque
1261 2212 1368 2276 luctus
1396 2217 1430 2274 et
1458 2209 1546 2276 tanti

339 2309 493 2396 squaloris
516 2310 689 2374 amitteret.
735 2308 907 2372 LXVIII.
929 2309 1007 2374 Jam
1030 2332 1104 2374 vero
1128 2310 1214 2396 quod
1237 2310 1298 2374 iter
1322 2310 1458 2374 Romam
1472 2308 1545 2392 ejus

338 2409 477 2474 mulieris
492 2408 588 2472 fuisse
603 2407 816 2474 existimatis?
837 2408 922 2492 quod
945 2429 1005 2493 ego
1026 2415 1160 2493 propter
1182 2407 1377 2474 vicinitatem
1400 2407 1543 2492 Aquina-

338 2508 417 2572 tium
433 2516 468 2572 et
484 2506 753 2571 Fabraternorum
768 2527 808 2570 ex
822 2505 932 2569 multis
953 2505 1060 2570 audivi
1082 2517 1116 2570 et
1131 2506 1289 2591 comperI;
1315 2527 1395 2590 quos
1410 2526 1543 2570 concur·

338 2627 393 2671 sus
408 2605 441 2669 in
456 2605 505 2669 his
527 2604 672 2690 oppidisl
694 2610 831 2690 quantos
853 2611 888 2669 et
909 2603 1047 2670 uirorum
1069 2612 1104 2669 et
1124 2603 1291 2669 mulierum
1312 2602 1450 2689 gemitus
1470 2623 1543 2668 esse

338 2705 461 2769 iactos?
478 2702 645 2788 mulierem·
654 2702 824 2788 quamdam
838 2702 965 2778 Larino,
977 2710 1075 2788 atque
1089 2702 1175 2766 illam
1189 2724 1291 2787 usque
1301 2724 1322 2765 a
1333 2702 1413 2767 mari
1426 2723 1543 2787 supero

339 2803 474 2867 Romam
498 2801 655 2887 proficisci
680 2823 752 2867 cum
777 2822 895 2886 magno
921 2800 1077 2865 comitatu
1101 2807 1136 2865 et
1160 2801 1304 2885 pecunia,
1333 2822 1395 2886 quo
1418 2799 1543 2865 facilius

339 2900 565 2965 circumvenire
576 2899 697 2984 judicio
712 2898 829 2983 capitis
850 2906 948 2984 atque
970 2898 1148 2983 opprimere
1167 2898 1266 2961 tilium
1281 2899 1393 2983 possit.
1438 2897 1542 2963 Nemo

338 3009 408 3063 erat
423 2999 556 3073 illorum.
572 3019 673 3083 paene
689 2996 801 3074 dicam,
818 2996 894 3080 quin
916 2997 1109 3081 expiandum
1130 2996 1218 3059 illum
1240 2997 1346 3061 locum
1367 3018 1438 3061 esse
1459 2996 1544 3061 arbi-

338 3103 478 3163 traretur
488 3114 684 3183 quacumque
694 3094 747 3158 illa
756 3094 817 3159 iter
826 3094 976 3171 fecissem
990 3117 1083 3159 nemo
1093 3095 1168 3181 quin
1180 3103 1299 3160 terram
1310 3095 1412 3180 ipsam
1422 3094 1542 3171 violari,

372 3336 586 3399 mulieriemodua]
607 3336 678 3385 “Est
688 3336 807 3385 modusiu
823 3336 922 3395 rebus‚”
956 3337 1066 3402 ‘quurffl
1084 3338 1105 3386 is
1120 3354 1135 3386 a
1151 3338 1262 3387 blunder.
1305 3336 1497 3402 ‘Posteaquam’
1514 3353 1543 3385 or

339 3401 472 3449 usHorace
483 3415 545 3462 says.
579 3401 620 3449 All
636 3402 718 3461 things
735 3402 795 3450 hara
805 3403 869 3451 their
880 3418 923 3451 na·
957 3401 1206 3466 ‘postea’separatcd
1216 3403 1543 3467 irom‘quem'hysnother

337 3465 401 3513 tural
419 3465 482 3512 lirnit
498 3479 526 3511 or
545 3480 659 3523 measure,
680 3472 765 3530 except
780 3484 795 3515 a
809 3467 924 3516 womau's
955 3469 1060 3516 wardia
1088 3469 1130 3516 the
1152 3470 1255 3531 genuine
1276 3474 1335 3517 text
1381 3468 1470 3517 ‘Post’
1494 3467 1542 3515 and

262 3566 264 3571 .
337 3544 439 3590 rcrenge
454 3528 502 3576 aud
524 3530 567 3578 her
583 3530 737 3579 wiclrcdness.
782 3532 861 3581 Sassia
877 3532 925 3580 had
957 3531 1061 3596 ‘quam'
1080 3533 1147 3580 osten
1164 3548 1232 3581 come
1252 3534 1362 3595 together
1383 3531 1542 3598 (postquam).

338 3608 371 3643 uo
394 3593 510 3643 ‘medua'
545 3594 570 3643 lt
590 3610 638 3643 was
659 3611 691 3643 uo
713 3597 870 3653 moderatiori,
892 3613 925 3645 no
956 3598 1025 3658 They
1042 3613 1082 3645 are
1098 3598 1150 3646 also
1168 3598 1235 3649 osten
1248 3598 1380 3661 epmted,
1394 3600 1458 3645 eain
1473 3601 1543 3659 ‘post

337 3674 430 3716 reason,
448 3660 474 3709 in
491 3659 534 3707 the
548 3674 640 3708 woman
655 3661 709 3709 that
726 3666 771 3725 put
785 3679 816 3710 sn
834 3662 883 3711 end
899 3667 925 3712 to
957 3663 1021 3710 diem
1031 3663 1129 3710 tertium
1142 3662 1234 3725 quam,'
1247 3664 1295 3711 and
1309 3664 1368 3711 such
1385 3664 1433 3711 like
1448 3676 1544 3724 expres-

337 3724 380 3773 the
391 3728 490 3783 tortura,
502 3724 546 3772 but
556 3724 600 3773 her
610 3725 707 3774 friends'
719 3728 849 3789 authority.
958 3728 1031 3775 siuns
1064 3727 1327 3791 Thisuseoi‘quam’
1340 3728 1449 3776 inlatin
1464 3726 1545 3775 would

371 3792 483 3847 maaser,
500 3790 564 3853 ipra]
583 3790 636 3839 The
651 3792 721 3841 order
736 3793 762 3839 iu
774 3793 798 3841 S.
810 3792 840 3841 T.
873 3792 927 3840 The
958 3793 1217 3854 requiraeparticuler
1227 3793 1369 3855 exposition.

337 3855 407 3903 other
439 3855 512 3904 MSS.
548 3855 608 3903 have
638 3856 703 3918 ‘ipsa
737 3857 841 3905 misisset
851 3856 866 3903 :'
899 3872 927 3904 so
991 3859 1032 3905 68.
1048 3858 1268 3920 Fabraternorum]
1286 3858 1346 3905 This
1362 3858 1384 3905 is
1402 3856 1445 3905 the
1463 3871 1544 3904 emen·

339 3921 408 3968 small
429 3936 444 3967 a
461 3926 548 3969 matter
569 3921 652 3968 malree
670 3922 713 3969 tha
735 3922 861 3969 differeuee
884 3921 926 3969 be·
957 3921 1080 3969 defluum
1094 3922 1233 3970 Beroaldus.
1267 3922 1292 3971 S.
1304 3922 1334 3970 T.
1346 3922 1374 3969 F.
1386 3923 1416 3970 h
1429 3922 1489 3969 have
1501 3921 1545 3968 the

338 3990 415 4033 tween
439 4000 508 4034 senes
531 3985 579 4033 aud
602 4001 727 4035 nouseuse.
765 3984 856 4048 ‘Ipse'
884 3986 926 4035 be-
957 3992 1055 4048 corrupt
1063 3985 1124 4033 iorm
1136 3987 1337 4044 ‹triantes-norum,
1353 3986 1546 4035 whichirmuch

339 4050 389 4098 fure
403 4050 534 4099 ‘misisset’
548 4050 626 4097 would
639 4050 669 4097 be
685 4051 833 4111 intelligible‚
846 4050 866 4097 if
883 4051 925 4098 the
957 4066 1023 4098 more
1032 4051 1105 4113 likely
1115 4055 1142 4098 to
1153 4051 1183 4099 be
1194 4068 1209 4099 e
1224 4052 1362 4113 oorrrrption
1378 4052 1406 4100 of
1421 4051 1546 4099 Fabrater-

338 4118 397 4162 next
418 4115 497 4163 clause
515 4114 589 4177 epolre
610 4116 638 4161 ol
656 4116 786 4175 somebody
808 4117 871 4173 else;
899 4121 925 4163 at
957 4130 1043 4163 norum
1065 4116 1124 4162 than
1146 4116 1174 4163 of
1194 4117 1237 4163 the
1257 4116 1323 4163 word
1345 4116 1544 4169 Venafruuornm.

340 4179 408 4235 least,
417 4194 463 4226 one
474 4195 529 4241 may
536 4194 639 4241 suppose
647 4179 720 4227 forms
728 4180 755 4227 ol
762 4180 810 4227 this
816 4185 929 4228 sentence
960 4180 1039 4227 which
1050 4180 1070 4227 Is
1080 4180 1176 4242 printed
1193 4182 1219 4228 in
1235 4185 1299 4228 most
1315 4181 1426 4228 editions.
1460 4180 1545 4228 Cicero

339 4244 365 4290 iu
382 4244 459 4291 which
482 4246 548 4305 ‘ipsa
569 4244 687 4293 misisset'
704 4244 783 4292 would
804 4245 833 4292 be
854 4244 926 4306 right
960 4244 1033 4292 heard
1054 4245 1192 4307 something
1212 4245 1241 4292 ol
1254 4246 1287 4292 all
1309 4246 1357 4292 this
1373 4251 1399 4292 at
1415 4246 1544 4307 Arpinum,

341 4308 391 4355 But
402 4309 458 4357 here
469 4308 552 4357 Cicero
569 4324 631 4369 says,
644 4308 706 4357 aiter
716 4310 817 4371 sending
833 4310 876 4357 the
887 4325 926 4357 ac·
958 4309 1036 4357 which
1047 4310 1067 4357 is
1082 4316 1125 4356 not
1135 4310 1171 4357 iar
1182 4310 1244 4357 hom
1261 4310 1384 4373 Aquinum
1395 4309 1443 4357 aud
1455 4309 1545 4356 Fabra-

340 4388 409 4421 cuaer
426 4372 478 4420 well
496 4372 618 4421 furnished
633 4379 659 4421 to
671 4374 762 4431 'Roma
780 4374 831 4433 elie,
841 4378 847 4401 ⁴
856 4373 925 4436 ipsa‚'
958 4375 1025 4427 teria.
1037 4374 1085 4421 and
1095 4380 1213 4422 nearerto
1221 4376 1289 4422 these
1300 4382 1347 4421 two
1358 4375 1436 4436 places
1447 4374 1506 4421 than
1517 4380 1545 4420 to

340 4438 422 4498 stayed
432 4452 447 4484 a
457 4437 519 4485 little
529 4438 599 4484 while
609 4443 634 4485 at
645 4438 767 4486 Larinum.
956 4439 1098 4487 Venafrum.
1115 4440 1169 4489 The
1178 4454 1271 4487 woman
1277 4455 1345 4487 oeme
1353 4440 1458 4501 through
1466 4438 1544 4503 Aqui-

370 4506 455 4561 portea
473 4506 553 4551 aurem
568 4502 652 4564 quam]
673 4502 697 4549 S.
713 4503 742 4550 T.
776 4502 828 4551 The
841 4503 925 4551 others
955 4518 1015 4551 uum
1030 4504 1078 4552 end
1094 4504 1233 4553 Fabrateria
1244 4504 1277 4567 by
1292 4504 1335 4553 the
1345 4504 1392 4553 via
1408 4504 1495 4553 laun·
1510 4518 1545 4551 ou

340 4564 400 4612 hare
422 4565 506 4613 ‘eum'
535 4566 572 4613 lor
594 4566 699 4629 ‘quam’
721 4567 766 4615 but
788 4567 872 4617 ‘cum'
896 4583 924 4615 ur
955 4568 1201 4618 herroedtoBome.
