3517 5325
731 476 832 542 OAP.
857 481 954 546 3-5.
1380 482 1446 547 409

241 647 380 736 aliquam
399 647 639 727 dubitationem,
663 657 698 716 et
720 672 797 738 ager
817 649 1048 716 Recentoricus
1067 649 1187 717 dicitur
1208 673 1447 740 nonnumquam

240 769 311 812 esse
339 747 495 833 publicus,
526 769 619 834 quem
643 755 736 833 putet
758 748 1014 814 existimaturum
1044 749 1125 814 duas
1153 771 1284 816 caussas
1307 751 1340 816 in
1369 752 1447 815 orbe

240 853 398 910 terrarum
420 853 565 931 repertas
580 845 695 932 quibus
708 846 811 933 gratis
826 849 994 932 parceret?
1038 846 1125 911 Num
1147 848 1293 933 quisnam
1315 850 1446 914 tandem

240 945 408 1010 abstrusus
433 967 567 1030 usquam
592 966 739 1008 nummus
764 944 891 1010 videtur
915 967 1010 1030 quem
1032 967 1095 1010 non
1119 947 1288 1012 architecti
1312 947 1447 1032 hujusce

240 1041 321 1128 legis
337 1042 521 1107 oliecerintt
562 1043 757 1122 Provincias,
773 1043 923 1108 civitates
936 1043 1063 1121 liberas,
1078 1045 1193 1123 socios,
1208 1045 1337 1124 amieos,
1353 1067 1447 1131 reges

240 1139 377 1226 denique
391 1141 601 1216 exhauriunt;
626 1141 797 1205 admovent
818 1163 933 1206 manus
947 1142 1156 1227 vectigalibus
1175 1142 1283 1228 populi
1299 1143 1447 1208 Romani.

242 1237 315 1302 Non
339 1246 389 1302 est
412 1237 502 1303 satis.
547 1239 679 1316 Audite,
704 1239 813 1304 audite
831 1261 896 1318 vos,
922 1239 976 1324 qui
1000 1239 1196 1325 amplissimo
1219 1241 1329 1326 populi
1354 1263 1446 1306 sena·

240 1345 357 1422 tueque
367 1336 488 1420 judicio
503 1337 665 1401 exercitus
673 1337 837 1402 habuistis
851 1344 886 1402 et
901 1337 983 1400 bella
997 1337 1162 1422 gessistis:
1184 1340 1269 1425 quod
1282 1341 1324 1404 ad
1338 1362 1447 1426 quem·

240 1457 302 1521 que
325 1433 504 1520 pervenerit
527 1456 568 1498 ex
592 1435 719 1519 praeda,
740 1457 782 1499 ex
804 1433 971 1512 manubiis,
998 1457 1040 1498 ex
1059 1457 1139 1500 auro
1161 1437 1337 1515 coronario,
1360 1438 1447 1524 quod

240 1555 343 1619 neque
366 1539 587 1617 consumptum
609 1532 641 1595 in
663 1539 878 1609 monumento,
895 1555 998 1618 neque
1012 1533 1046 1598 in
1059 1533 1217 1598 aerarium
1239 1535 1376 1599 relatum
1390 1536 1445 1612 sit,

241 1631 273 1696 id
302 1632 344 1696 ad
367 1630 563 1695 decemviros
588 1630 697 1694 reterri
723 1631 826 1716 jubet.
872 1630 946 1695 Hoc
975 1631 1081 1716 capite
1105 1631 1207 1696 multa
1229 1639 1379 1717 sperant:
1412 1633 1446 1696 in

240 1751 350 1794 omnes
364 1729 570 1816 imperatores
584 1728 780 1814 heredesque
795 1750 905 1794 eorum
920 1729 1138 1814 quaestionem
1153 1751 1211 1794 sno
1222 1731 1345 1815 judicio
1360 1753 1447 1796 com·

239 1835 374 1914 parant;
399 1827 456 1890 sed
470 1826 640 1890 maximam
654 1827 822 1912 pecuniam
837 1848 872 1892 se
886 1848 907 1890 a
919 1827 1043 1891 Fausto
1057 1827 1223 1892 ablaturos
1236 1828 1445 1894 arbitrantur.

242 1926 345 2006 Quam
359 1947 502 1990 caussam
517 1925 677 2010 suscipere
696 1925 798 2011 jurati
815 1925 943 2010 judices
956 1925 1137 2004 noluerunt,
1153 1926 1236 1992 hanc
1251 1926 1306 1992 isti
1319 1928 1446 1992 decem·

240 2024 298 2088 viri
324 2045 500 2109 suscepere.
547 2023 671 2088 Idcirco
695 2045 716 2088 a
741 2023 904 2109 judicibus
928 2023 1066 2088 fortusse
1091 2025 1350 2109 praetermissam
1374 2046 1446 2090 esse

239 2121 444 2197 arbitrantur,
468 2121 553 2206 quod
572 2121 616 2186 sit
638 2121 717 2206 ipsis
738 2128 913 2186 reservata.
961 2120 1087 2186 Deinde
1110 2123 1208 2187 etiam
1232 2123 1266 2186 in
1290 2123 1446 2209 reliquum

240 2229 366 2306 tempus
388 2219 628 2304 diligentissime
654 2218 758 2284 sancit
781 2226 826 2298 ut,
844 2219 931 2305 quod
944 2219 1078 2305 quisque
1092 2219 1267 2305 imperator
1290 2220 1445 2306 pecuniae

239 2319 366 2398 habeat,
388 2319 535 2404 protinus
549 2317 591 2381 ad
611 2317 806 2381 decemviros
822 2317 956 2382 delerat.
1001 2317 1068 2382 Hic
1086 2324 1194 2383 tamen
1211 2318 1333 2404 exeipit
1347 2317 1445 2382 Pom·

239 2417 363 2501 peium;
397 2415 563 2493 simillime,
591 2423 629 2480 ut
650 2414 727 2478 mihi
750 2415 886 2494 videtur,
909 2422 1006 2499 atque
1029 2415 1083 2478 illa
1102 2415 1173 2500 lege
1197 2436 1261 2500 qua
1284 2415 1444 2500 peregrini

239 2515 343 2579 Roma
364 2515 535 2598 ejiciuntur
551 2512 747 2598 Glaucippus
768 2513 938 2598 excipitur.
983 2511 1057 2576 Non
1072 2513 1157 2576 enim
1175 2513 1236 2576 hac
1255 2513 1444 2598 exceptione

238 2633 321 2677 unus
335 2611 471 2676 afficitur
485 2609 649 2688 beneficio,
672 2609 730 2675 sed
752 2631 835 2674 unus
856 2609 1002 2697 privatur
1016 2609 1142 2695 injuria.
1187 2610 1251 2675 Sed
1268 2610 1319 2676 cui
1333 2632 1444 2675 manu-

238 2711 308 2775 bias
330 2708 475 2786 remittit,
492 2708 525 2772 in
540 2709 635 2793 hujus
649 2707 819 2795 vectigalia
833 2707 967 2773 invadit.
1006 2708 1030 2771 J
1032 2710 1110 2775 ubet
1125 2708 1208 2773 enim
1223 2709 1399 2796 pecuniam,
1415 2708 1444 2774 si

238 2832 302 2896 qua
325 2816 399 2895 post
425 2830 484 2872 nos
509 2806 655 2873 consules
681 2828 721 2871 ex
745 2806 835 2871 novis
860 2805 1071 2891 vectigalibus
1097 2806 1282 2893 recipiatur,
1308 2808 1369 2872 hae
1394 2808 1444 2873 uti

238 2906 441 2972 decemviros.
487 2904 586 2987 Quasi
601 2927 675 2969 vero
690 2926 753 2969 non
771 2903 986 2990 intelligamus
999 2904 1079 2969 haec
1094 2925 1150 2969 eos
1164 2905 1345 2993 vectigalia,
1360 2928 1444 2992 quae

239 3006 298 3070 (ln.
312 3004 484 3091 Pompeius
499 3003 690 3089 adjunxerit,
707 3002 843 3067 vendere
858 3002 1011 3088 cogitare.

282 3104 326 3169 V.
351 3104 479 3168 Videtis
510 3104 588 3189 jam,
618 3110 727 3189 patres
757 3100 939 3188 conscripti,
975 3100 1122 3165 omnibus
1154 3101 1249 3166 rebus
1277 3108 1312 3167 et
1339 3101 1444 3167 modis

271 3278 332 3325 daus
356 3276 465 3339 emar]
503 3274 625 3324 ‘Quam’
655 3274 713 3323 here
741 3288 823 3323 means
855 3274 936 3322 totha
946 3272 1074 3323 victorious
1085 3274 1182 3336 general
1197 3274 1223 3322 in
1234 3274 1303 3337 place
1315 3274 1345 3323 ol
1355 3274 1445 3337 golden

240 3342 311 3399 ‘rea'
339 3340 497 3403 ‘negotium'
527 3346 590 3389 ‘two
613 3340 730 3397 metters,'
761 3342 824 3388 ‘two
856 3339 1033 3397 crovns31nd
1048 3354 1075 3387 so
1093 3340 1113 3387 it
1129 3340 1150 3387 is
1167 3340 1255 3387 aaidin
1270 3340 1342 3388 other
1358 3340 1443 3389 books.

237 3406 466 3469 missal—‘surum
497 3405 646 3453 coronarium
655 3404 671 3453 ι’
712 3419 824 3453 oeown-
857 3403 932 3453 Klots
942 3404 1084 3452 sndothers
1094 3404 1444 3467 probablyhudnotreadthe

237 3472 306 3534 gold:
336 3486 428 3520 crowns
454 3486 516 3519 were
537 3478 591 3519 sent
612 3475 638 3519 to
659 3485 674 3519 a
695 3470 824 3519 victorious
856 3470 979 3531 following
989 3470 1084 3517 remark
1099 3470 1127 3517 ot
1134 3470 1276 3519 Turnebus:
1298 3475 1444 3533 “nugentur

237 3538 332 3598 genmal
343 3536 375 3598 by
386 3538 428 3584 the
442 3536 583 3599 provinciale
600 3542 626 3583 to
640 3534 671 3583 he
690 3536 780 3583 carried
796 3535 822 3581 in
854 3534 895 3582 hic
916 3535 1034 3591 nonnulli,
1049 3549 1064 3581 a
1085 3534 1270 3597 provincialibus
1291 3536 1360 3583 datas
1381 3535 1444 3584 bene

237 3602 401 3663 histriumph.
435 3602 485 3649 But
496 3601 554 3647 such
565 3600 621 3661 gold
637 3615 666 3647 or
675 3601 732 3661 gold
743 3614 823 3647 monn
854 3600 946 3647 meritis
971 3598 1104 3647 rectoribus
1127 3600 1197 3648 initio
1225 3616 1333 3659 somnus,
1359 3606 1444 3663 postea

238 3666 308 3714 could
319 3666 404 3712 nothe
421 3665 527 3712 received
540 3664 763 3726 unlessatriumph
775 3663 823 3711 had
854 3670 935 3712 autem
955 3678 1040 3711 aurum
1063 3679 1107 3725 pro
1128 3666 1230 3721 coruum,
1253 3666 1362 3712 homines
1380 3667 1443 3713 anti·

237 3730 299 3778 hoen
321 3729 420 3776 demeed
450 3730 492 3789 (ln
521 3729 640 3785 Pisonem,
663 3744 684 3777 c.
707 3732 746 3777 33.
769 3726 822 3789 37).
855 3728 1442 3791 quitatisignari.”-‘quodneqneoonsumptum

238 3794 330 3843 Gellius
348 3793 381 3856 (v.
397 3792 424 3857 6)
442 3792 532 3839 detines
550 3792 592 3839 the
608 3798 706 3839 ‘mum
724 3806 822 3840 corona·
854 3792 880 3839 in
892 3792 1072 3839 monumento:y
1094 3799 1141 3840 not
1151 3794 1278 3855 employed
1294 3794 1319 3839 in
1334 3793 1444 3855 building

236 3857 316 3909 rinm'
339 3864 366 3905 to
393 3857 424 3904 bc
449 3856 535 3917 golden
557 3870 648 3903 mouns
670 3861 724 3903 sent
748 3858 785 3903 tor
808 3870 823 3903 a
854 3872 870 3903 a
890 3857 988 3918 temple,
1006 3857 1032 3903 in
1046 3857 1135 3918 maog
1149 3872 1165 3905 a
1178 3862 1265 3915 satus,
1283 3872 1312 3905 or
1328 3858 1355 3905 in
1372 3858 1443 3905 other

236 3922 359 3986 triumph:
383 3920 573 3982 “lhiumphsles
591 3935 692 3968 coronae
706 3924 763 3967 sunt
777 3935 820 3967 eu·
853 3920 1030 3983 puhlicworhs.

236 4004 291 4037 rew
328 4002 389 4050 quae
421 3984 607 4047 imperatoribus
640 3983 672 4033 ob
704 3985 821 4032 honorem
886 3985 990 4047 Fausto]
1009 3984 1321 4033 Thiswasthasonottho
1334 3984 1443 4034 Dictator

236 4052 353 4115 triumphi
374 4048 530 4099 mittuntur.''
572 4049 641 4111 Pliny
661 4048 707 4109 (ll.
727 4049 761 4097 N.
781 4050 821 4097 33.
855 4048 885 4096 Ia.
898 4049 973 4096 Sulla.
1002 4048 1056 4096 The
1075 4048 1154 4096 father
1171 4049 1219 4096 hed
1236 4048 1324 4112 helped
1345 4051 1446 4099 himself

236 4114 822 4231 s³ttl⁵u1⁰tltttt⁶tttttlt
853 4112 969 4225 tt't
977 4113 1443 4241 'lffiltlffi’tldffimg'tll

235 4263 319 4297 aureas
336 4262 377 4295 vn
396 4246 477 4310 pondo
493 4196 581 4293 habero
595 4258 667 4306 quam
682 4244 822 4291 contulisset
853 4243 908 4291 deal
929 4247 973 4290 ont
990 4242 1019 4289 ot
1037 4242 1080 4291 the
1101 4258 1154 4291 son.
1188 4244 1233 4291 See
1256 4244 1302 4291 Pro
1321 4245 1441 4304 Cluentio,

237 4313 356 4375 Hispanis
368 4312 478 4363 citerior.
489 4324 519 4357 rx
533 4324 607 4372 quam
624 4308 702 4357 Gallis
713 4308 820 4365 Comata,
853 4323 874 4357 c.
886 4307 1088 4357 so.-⁴deserst=’
1107 4308 1152 4365 E.;
1170 4308 1287 4365 ‘referat'
1299 4310 1327 4357 F.

235 4379 313 4427 titulis
332 4374 470 4426 indicavit.”
513 4375 558 4423 Cn.
579 4374 686 4421 Manlius
709 4378 752 4435 got
773 4376 821 4421 200
890 4372 1052 4435 Glaucippus]
1073 4372 1112 4423 lla
1128 4374 1148 4420 is
1164 4373 1296 4422 unknown.
1327 4374 1441 4437 Glaucip.

235 4437 820 4503 mounslothtarictoriesinhsiu(bivy,39.c.72
853 4452 900 4500 pus
920 4452 969 4485 was
990 4437 1107 4500 excepted
1133 4438 1196 4504 lpum
1223 4438 1266 4486 the
1291 4439 1343 4488 Lex
1369 4440 1443 4502 Papia

236 4524 277 4557 sse
291 4510 342 4557 also
355 4508 424 4570 Livy,
435 4508 476 4555 33.
489 4520 510 4553 c.
523 4504 574 4569 37).
610 4504 681 4553 Klotz
697 4518 752 4566 says
767 4502 821 4551 thet
853 4500 917 4620 gie.
929 4501 973 4565 65)
984 4501 1018 4565 by
1028 4502 1107 4553 which
1119 4502 1241 4567 Peregrini
1251 4518 1314 4554 were
1324 4504 1441 4554 bnished

235 4574 285 4623 thia
300 4579 400 4623 ‘aurum
408 4569 573 4622 comumium'
588 4582 637 4619 was
651 4582 738 4633 money
750 4569 821 4631 εἰιοιι
890 4583 916 4617 m
925 4567 1011 4617 Rome.
