3517 5325
576 489 755 556 HABITO
787 491 890 558 OAP.
914 496 964 573 13,
990 497 1042 560 14.
1334 497 1398 564 309

194 669 293 749 atque
309 661 370 726 illic
386 659 546 736 continuo,
562 661 647 726 nullo
662 668 756 739 teste,
774 662 859 726 nullo
875 663 990 742 indice,
1006 665 1144 730 recentis
1163 659 1310 730 maleficii
1325 689 1400 732 con·

193 761 328 824 scientia
342 758 539 845 perterritus,
557 759 671 833 omnia,
687 767 725 823 ut
739 781 760 823 a
775 781 824 823 me
840 761 947 845 paullo
961 769 1038 825 ante
1053 763 1239 839 dictasunt,
1256 766 1397 848 exponit,

195 858 414 941 Asuviumque
428 877 449 918 a
464 877 534 920 sese
550 857 679 919 consilio
695 857 863 942 Oppianici
879 857 1084 922 interiectum
1103 859 1234 923 fatetur.
1280 861 1397 925 Extra·

193 955 280 1020 hitur
294 956 388 1018 domo
403 953 536 1018 latitans
555 953 749 1039 Oppianicus
763 977 783 1018 a
802 955 943 1018 Manlio:
968 955 1063 1019 index
1079 956 1215 1020 Avillius
1235 979 1275 1020 ex
1297 957 1398 1021 altera

194 1061 286 1138 parte
301 1074 408 1116 coram
423 1057 561 1115 tenetur.
609 1052 673 1114 Hic
696 1052 771 1137 quid
790 1052 859 1135 jam
881 1052 1002 1137 reliqua
1017 1053 1193 1138 quaeritis?
1240 1055 1397 1118 Manlium

193 1151 334 1236 plerique
350 1149 491 1214 noratis:
516 1169 579 1211 non
602 1149 653 1212 ille
677 1151 830 1213 honorem
852 1171 872 1214 a
893 1150 1041 1235 pueritia,
1057 1173 1122 1215 non
1135 1152 1243 1216 studia
1257 1152 1395 1234 virtutis,

193 1270 258 1311 non
272 1249 370 1312 ullum
385 1246 631 1311 existimationis
647 1247 749 1310 bonae
763 1247 904 1312 fructum
926 1269 1075 1332 umquam
1098 1249 1265 1334 cogitarat,
1282 1252 1395 1314 sodex

194 1345 351 1431 petulanti
366 1353 463 1430 atque
478 1344 622 1429 improbo
637 1365 748 1407 scurra
762 1344 794 1406 in
810 1343 978 1408 discordiis
991 1345 1132 1410 civitatis
1142 1346 1184 1409 ad
1196 1368 1266 1409 earn
1277 1346 1395 1409 colum·

193 1465 276 1522 nam,
293 1444 334 1506 ad
357 1464 452 1527 quam
473 1442 645 1504 multorum
665 1463 760 1525 saepe
784 1441 935 1505 conviciis
958 1443 1132 1526 perductus
1151 1455 1229 1519 erat,
1247 1449 1317 1505 tum
1331 1441 1395 1504 suf·

193 1541 303 1626 fragiis
325 1541 431 1626 populi
452 1547 649 1624 pervenerat.
697 1537 810 1623 ltaque
832 1561 900 1603 rem
923 1561 996 1602 cum
1020 1539 1198 1624 Oppianico
1221 1539 1391 1623 transigit:

193 1639 360 1724 pecuniam
374 1639 415 1700 ab
430 1659 467 1700 eo
482 1636 609 1720 accipit,
626 1657 772 1699 caussam
787 1641 822 1700 et
836 1644 1020 1721 susceptam
1036 1645 1072 1701 et
1086 1636 1287 1700 manifestam
1302 1635 1394 1698 reliu-

194 1736 273 1821 quit.
318 1735 453 1799 Actum
475 1734 507 1796 in
531 1733 697 1819 Oppianici
720 1753 834 1797 caussa
858 1733 977 1798 crimen
1000 1734 1060 1796 hoc
1078 1733 1275 1797 Asuvianum
1296 1755 1394 1818 quum

193 1835 331 1900 testibus
355 1832 472 1909 multis,
490 1839 558 1896 tum
581 1853 655 1896 vero
678 1831 794 1896 indicio
815 1829 926 1894 Avillii
946 1831 1237 1916 comprobabatur;
1276 1831 1310 1894 in
1331 1853 1394 1916 quo

192 1931 358 2016 alligatum
368 1929 539 2014 ,Oppianici
562 1951 677 1993 nomen
700 1929 837 2014 primum
852 1949 924 1991 esse
944 1929 1124 2007 constabat,
1139 1929 1209 2012 ejus
1230 1951 1323 2014 quem
1337 1951 1394 1991 vos

193 2029 343 2093 miserum
357 2035 453 2111 atque
468 2026 668 2090 innocentem
682 2026 762 2090 falso
773 2025 893 2110 judicio
908 2025 1157 2090 circumventum
1172 2049 1243 2090 esse
1259 2027 1373 2091 dicitis.

239 2123 342 2188 XIV.
366 2124 448 2204 Quid
470 2125 572 2188 aviam
595 2131 693 2203 tuam,
712 2123 897 2210 Oppianice,
915 2123 1082 2203 Dinaeam,
1098 2124 1149 2188 cui
1173 2132 1208 2189 tu
1232 2147 1267 2188 cs
1290 2125 1391 2202 heres,

194 2230 286 2308 pater
301 2229 376 2287 tuus
390 2243 452 2286 non
467 2222 635 2287 manifesto
650 2223 796 2286 necavit?
817 2222 858 2284 ad
873 2243 968 2306 quam
984 2243 1087 2307 quum
1096 2221 1282 2284 adduxisset
1296 2220 1393 2284 medi-

195 2343 266 2385 cum
280 2321 366 2384 illum
382 2343 483 2396 suum,
496 2321 563 2404 jam
578 2320 740 2404 cognitum
766 2327 800 2383 et
822 2339 918 2399 saepe
933 2318 1094 2394 victorem,
1110 2339 1168 2402 per
1186 2339 1281 2401 quem
1295 2319 1393 2380 inter·

194 2418 313 2482 fecerat
328 2418 488 2503 plurimoS,
506 2417 617 2480 mulier
632 2417 792 2479 exclamat
807 2436 841 2477 se
857 2414 899 2476 ab
921 2435 959 2476 eo
982 2414 1067 2476 nullo
1088 2413 1183 2476 modo
1198 2413 1301 2476 curari
1316 2413 1393 2476 velle

194 2537 255 2601 quo
278 2523 411 2578 curante
434 2535 510 2576 suos
533 2535 642 2576 omnes
661 2511 861 2596 perdidisset.
908 2509 992 2571 Tum
1007 2516 1138 2593 repente
1154 2509 1393 2573 Anconitanum

193 2615 358 2700 quendam,
387 2611 425 2674 L.
445 2609 598 2687 Clodium,
620 2605 897 2693 pharmacopolam
920 2604 1213 2683 circumforaneum,
1239 2606 1293 2691 qui
1316 2627 1392 2671 casu

191 2721 260 2775 tum
278 2709 429 2771 Larinum
443 2706 590 2783 venisset,
607 2706 801 2789 aggreditur,
819 2710 940 2766 etcum
955 2723 993 2765 eo
1010 2701 1085 2765 H·S
1100 2702 1223 2767 duobus
1244 2704 1391 2781 millibus,

191 2809 223 2871 id
240 2805 326 2890 quod
341 2803 441 2887 ipsius
456 2802 573 2867 tabulis
600 2802 698 2885 [tum]
713 2810 762 2867 est
780 2800 1042 2877 demonstratum,
1059 2800 1220 2885 transigit.
1267 2800 1302 2865 L.
1319 2802 1392 2866 Olo-

191 2904 272 2979 dius,
289 2901 343 2986 qui
365 2908 559 2985 properaret,
585 2902 636 2964 cui
655 2900 725 2963 sora
746 2898 849 2961 multa
871 2904 1043 2973 restarent,
1059 2898 1153 2960 simul
1173 2905 1271 2983 atque
1294 2899 1392 2964 intro·

192 3003 307 3065 ductus
321 3006 381 3076 eet,
398 3019 464 3061 rem
479 2998 637 3072 coniecit;
663 2998 764 3083 prima
779 2994 909 3082 poti'one
931 2993 1095 3058 mulierem
1116 2996 1265 3061 sustulit:
1291 3018 1392 3082 neque

191 3107 304 3183 postea
331 3096 437 3159 Larini
462 3104 617 3181 punctum
640 3102 691 3159 est
714 3092 868 3178 temporis
899 3099 1125 3156 commoratus.
1182 3092 1306 3158 Eadem
1331 3096 1391 3159 hac

193 3197 317 3260 Dinaea
331 3201 560 3260 testamentum
581 3194 729 3271 iaciente,
745 3212 842 3278 quum
863 3190 1226 3274 tabulas'prehendisset
1241 3190 1391 3277 Oppiani·

191 3394 246 3442 Vol.
259 3394 280 3441 l.
294 3394 374 3443 Divin.
386 3410 407 3441 c.
426 3395 464 3451 16,
475 3394 554 3442 where
565 3392 633 3442 there
649 3394 669 3441 ie
686 3406 701 3440 a
716 3395 774 3441 note
806 3390 861 3441 who
882 3388 969 3443 visited
988 3388 1031 3443 the
1051 3388 1163 3440 different
1182 3393 1268 3447 towns,
1290 3388 1360 3437 made
1376 3406 1392 3439 a

192 3474 223 3507 on
240 3459 357 3507 Columna
379 3459 484 3507 Maenia.
519 3458 613 3507 Horace
628 3473 682 3521 says
698 3457 726 3505 of
742 3472 774 3505 an
806 3454 891 3502 circuit
907 3454 935 3501 oi
949 3454 1025 3509 them.
1036 3453 1084 3501 and
1101 3455 1154 3501 sold
1171 3455 1209 3502 his
1223 3455 1316 3517 physic.
1351 3455 1391 3502 He

192 3528 285 3586 upetart
296 3524 361 3571 slave
372 3524 470 3585 (Epir.
486 3522 534 3587 ll),
806 3520 854 3567 had
870 3524 915 3566 not
932 3518 1004 3566 much
1018 3518 1077 3566 time
1093 3524 1120 3566 to
1137 3534 1207 3581 sparo
1224 3526 1250 3566 et
1266 3520 1390 3575 larinum,

230 3620 246 3644 ‘⁸
255 3617 339 3663 Sectue
350 3616 449 3691 flagellis
460 3616 499 3662 hic
510 3615 697 3663 triumviralibus
805 3584 1073 3695 ffihssffiffiffl
1080 3582 1149 3695 llll?
1157 3584 1331 3695 Ἢ)Ἥέ
1343 3584 1391 3695 ing

289 3680 415 3727 mmm
424 3681 454 3727 'd
465 3679 615 3729 fufidium„
806 3714 878 3775 quiclr
889 3664 938 3759 and
947 3662 996 3759 im
1007 3712 1047 3759 oll'.
1082 3662 1178 3759 lldnoe
1190 3663 1282 3775 (gutli.
1297 3714 1317 3759 l.
1325 3664 1391 3775 ⁴illl)

191 3772 245 3819 The
262 3770 381 3818 triumviri
399 3772 455 3818 held
471 3788 487 3819 a
502 3778 571 3819 court
585 3772 702 3834 probably
716 3784 775 3820 near
807 3776 1396 3837 enumeratee‘pharmfflpolae'amongothereoi

190 3834 369 3911 theOolumnia
385 3834 490 3892 Maenia,
506 3836 553 3883 and
570 3837 639 3883 acted
655 3851 682 3883 ae
698 3838 775 3898 pelice
807 3840 880 3887 alilre
891 3840 958 3886 ldnd.
993 3838 1070 3901 (Note
1077 3840 1102 3885 in
1114 3839 1263 3886 Macleane'e
1276 3840 1391 3901 Horace.)

192 3904 350 3961 magistrates.
838 3908 1007 3952 testamentum
1015 3902 1149 3963 saciata]
1169 3904 1229 3949 This
1236 3908 1301 3948 must
1313 3918 1392 3958 mean,

223 3962 452 4025 inquoulllyutum]
473 3963 497 4009 S.
510 3962 549 4019 T„
559 3962 668 4019 Classen,
680 3962 770 4010 Baiter.
805 3978 831 4015 aa
853 3968 981 4014 Manutius
1000 3981 1062 4027 mys,
1084 3972 1111 4012 at
1128 3966 1172 4013 the
1188 3968 1248 4012 time
1265 3966 1336 4012 arhen
1350 3966 1393 4012 ahe

191 4028 404 4087 'lhereading‘in
417 4042 465 4088 quo
480 4026 672 4086 interalligatoe’
685 4028 773 4074 dannot
805 4031 875 4078 made
892 4031 936 4076 her
953 4030 1010 4076 rrill.
1043 4031 1193 4091 Oppianicus
1209 4030 1258 4075 had
1273 4028 1335 4076 been
1350 4030 1394 4076 her

191 4092 362 4155 bcerplained.
396 4090 773 4151 TherameofOppianicuewue
806 4094 954 4141 eon-iu-lavr.
990 4094 1029 4140 lle
1040 4108 1088 4139 rrae
1099 4100 1144 4139 not
1155 4092 1265 4147 novator
1278 4093 1393 4141 Dinaea'e

191 4157 310 4213 involved,
338 4155 476 4217 implicated
508 4152 654 4217 (alligatum)
676 4155 702 4199 in
724 4154 773 4201 thie
805 4158 923 4219 daughter
939 4172 989 4203 rrae
1006 4156 1066 4203 dead
1078 4156 1139 4219 (l’ro
1156 4158 1183 4204 P.
1194 4158 1304 4213 Quintio,
1317 4174 1338 4205 c.
1355 4157 1392 4219 d).

191 4224 267 4279 affair,
285 4220 388 4282 literally
406 4220 478 4266 ‘held
492 4218 556 4267 fast!
592 4218 691 4265 Classen
708 4232 772 4265 oom-
806 4222 933 4269 Manutius
945 4236 1008 4282 says,
1020 4224 1036 4247 “
1044 4222 1113 4268 when
1130 4222 1161 4268 he
1179 4222 1227 4268 hed
1244 4230 1287 4282 got
1300 4222 1397 4269 holdol

191 4303 261 4351 parea
272 4288 336 4363 cll-l
348 4304 353 4333 :
367 4284 437 4373 '‘l‘ubi
454 4284 518 4331 enirn
536 4281 597 4357 (lex)
615 4296 698 4329 omnee
709 4297 773 4329 mor·
806 4287 848 4363 tha
859 4287 910 4363 vill
920 4286 952 4347 by
963 4284 1080 4361 etealtlr.''
1115 4285 1155 4333 He
1169 4286 1279 4363 hadgot
1295 4286 1352 4363 hold
1368 4286 1397 4334 os

191 4353 251 4463 ur
266 4346 772 4479 uxama
805 4350 1394 4477 incircumcisum

192 4496 213 4529 c.
225 4482 248 4537 7.
477 4542 479 4548 s
805 4494 838 4527 no
849 4480 970 4541 objection
981 4478 1081 4526 tamuda
1092 4484 1118 4526 to
1129 4480 1171 4527 the
1182 4480 1231 4527 fact
1243 4480 1271 4527 cf
1285 4481 1328 4527 the
1344 4480 1393 4528 vvill

225 4546 263 4594 14.
277 4542 508 4607 ptamcopolcm]
527 4540 774 4603 Atravellingdoctor
806 4544 878 4607 being
895 4546 921 4593 iu
939 4545 978 4593 hie
993 4544 1137 4606 peneadem
1148 4542 1194 4593 hut
1209 4540 1241 4592 he
1255 4544 1391 4608 iaeharged
