3517 5325
695 480 796 551 car.
820 486 958 553 ae-n.
1386 491 1429 589 ss

229 650 403 740 Philippus,
420 654 487 719 iore
501 652 550 719 uti
565 654 729 740 permultis
743 654 775 719 in
791 660 886 722 rebus
904 654 1020 722 timore
1039 658 1230 743 prolaberer.
1275 660 1432 725 Dicebam

226 752 300 815 hnic
317 752 355 829 Q.
373 750 498 830 Roscio,
516 753 608 837 cujus
622 772 712 815 soror
727 761 777 817 est
793 774 866 817 cum
878 754 917 817 P.
935 753 1075 833 Quintio,
1093 776 1191 840 quum
1205 779 1225 820 a
1238 778 1290 821 me
1304 764 1431 842 peteret

226 856 261 913 ct
275 870 398 913 summe
412 849 619 913 contenderet
638 856 675 912 ut
695 869 786 913 suum
808 851 1020 935 propinquum
1036 852 1246 927 defenderem,
1262 854 1339 915 mihi
1360 876 1431 939 per-

227 944 353 1009 difficile
368 966 438 1009 esse
453 953 565 1009 contra
580 944 661 1009 tales
683 952 825 1009 oratores
847 968 911 1011 nou
931 948 1026 1010 modo
1043 954 1170 1011 tantam
1194 970 1339 1012 caussam
1360 972 1431 1035 per·

226 1062 327 1119 orare,
345 1043 401 1105 sed
416 1042 542 1105 omnino
556 1043 687 1105 verbum
702 1041 806 1105 lacere
826 1043 944 1107 conari.
991 1042 1096 1122 Quum
1111 1044 1256 1129 cupidius
1271 1046 1427 1123 instaret3

226 1138 345 1202 homini
360 1156 416 1222 pro
431 1136 571 1201 curicitia
584 1136 769 1201 familiarius
791 1136 856 1201 dixi
879 1139 956 1201 milri
978 1140 1076 1203 videri
1098 1162 1154 1204 ore
1175 1142 1345 1206 durissimo
1361 1164 1432 1207 esse

227 1236 281 1320 qui
296 1244 462 1319 praesente
477 1256 515 1298 eo
538 1241 665 1320 gestum
687 1254 783 1318 agere
805 1243 998 1309 conaretur;
1024 1235 1077 1320 qui
1092 1258 1168 1301 vero
1183 1258 1256 1301 cnm
1270 1238 1341 1322 ipso
1357 1261 1431 1302 con·

226 1333 405 1406 tenderent,
418 1352 483 1407 eos,
495 1330 621 1395 etiamsi
637 1330 712 1414 quid
727 1338 824 1394 antea
839 1332 919 1395 recti
934 1340 992 1396 aut
1002 1334 1127 1397 venusti
1142 1334 1260 1397 habere
1271 1335 1329 1398 viai
1344 1344 1429 1413 sunt,

227 1430 260 1491 id
274 1428 439 1493 amittere:
464 1427 596 1513 nequid
618 1428 694 1490 mihi
718 1428 873 1511 ejusmodi
895 1429 1066 1506 accideret,
1088 1451 1186 1514 quum
1207 1438 1320 1494 contra
1334 1432 1432 1495 talem

226 1526 381 1590 artificem
410 1525 554 1589 dicturus
576 1546 689 1600 essem,
712 1544 764 1587 me
786 1525 896 1588 vereri.
943 1524 1065 1590 XXV.
1089 1526 1172 1589 Tum
1194 1526 1272 1589 mihi
1295 1526 1432 1591 Roscius

227 1631 261 1687 et
275 1623 336 1686 ulia
352 1622 453 1686 multa
467 1622 673 1686 confirmandi
687 1621 750 1685 mci
770 1640 884 1685 caussa
904 1622 1008 1694 dixit3
1033 1629 1068 1687 et
1089 1623 1276 1701 mehercule,
1302 1624 1331 1687 si
1353 1624 1432 1687 nihil

228 1722 358 1795 diceret,
374 1720 474 1783 tacito
489 1719 559 1805 ipso
574 1718 675 1783 officio
690 1726 724 1783 et
738 1718 855 1794 studio,
872 1719 958 1803 quod
972 1719 1112 1783 hubebat
1128 1742 1206 1803 erga
1220 1720 1431 1805 propinquum

227 1838 329 1894 suum,
361 1816 502 1901 quemvis
524 1820 746 1880 commoveret.
793 1815 924 1879 Etenim
946 1836 1043 1900 quum
1068 1816 1183 1880 artifex
1203 1818 1361 1901 ejusmodi
1387 1818 1431 1882 sit

227 1922 265 1977 ut
280 1913 366 1976 solus
381 1914 494 1998 dignus
509 1913 654 1976 videatur
668 1934 739 1975 esse
754 1912 807 1997 qui
822 1913 854 1975 in
874 1934 972 1976 scena
986 1920 1160 1997 spectetur,
1184 1920 1255 1977 tum
1277 1914 1325 1977 vir
1348 1916 1432 1998 ejus·

228 2011 313 2075 modi
325 2018 376 2075 est
387 2018 423 2074 ut
435 2012 521 2075 solus
531 2011 646 2096 dignus
654 2011 799 2074 videatur
809 2011 862 2096 qui
874 2031 913 2074 eo
923 2032 988 2074 non
998 2012 1142 2076 accedat.
1189 2012 1430 2089 Verumtamen,

229 2109 304 2195 qnid
319 2109 355 2189 si,
372 2109 483 2193 inquit,
500 2109 600 2171 habes
617 2108 772 2192 ejusmodi
789 2128 935 2171 caussam
948 2114 988 2172 ut
1003 2108 1064 2172 hoc
1078 2108 1138 2172 tibi
1153 2108 1283 2192 planum
1297 2108 1342 2173 sit
1356 2108 1431 2172 iaci-

229 2208 353 2286 endum,
371 2206 527 2270 neminem
549 2226 620 2269 esse
641 2205 695 2289 qui
720 2204 823 2288 possit
842 2204 949 2283 biduo,
966 2212 1023 2267 aut
1046 2226 1204 2268 summum
1227 2206 1344 2283 triduo,
1361 2228 1433 2290 sep·

229 2304 376 2388 tingente
389 2302 486 2367 millia
500 2322 651 2387 passuum
666 2302 844 2375 ambulare3
869 2308 1018 2365 tamenne
1032 2302 1150 2364 vereris
1170 2308 1207 2366 ut
1226 2302 1331 2385 possis
1354 2303 1433 2365 haec

230 2414 342 2465 contra
375 2400 586 2465 Hortensium
610 2398 822 2463 contendere!
882 2398 1026 2477 Minime,
1058 2398 1196 2482 inquam.
1263 2398 1327 2461 Sed
1357 2400 1434 2483 quid

229 2498 262 2562 id
278 2500 318 2564 ad
333 2500 421 2564 remi
466 2498 632 2572 Nimirum,
648 2494 761 2580 inquit,
782 2494 814 2557 in
838 2514 876 2557 eo
901 2516 1017 2558 caussa
1039 2494 1197 2559 consistit.
1245 2494 1434 2573 Quomodo!

230 2594 336 2662 Docet
361 2618 412 2660 me
439 2594 592 2680 ejusmodi
618 2614 686 2656 rem
718 2598 752 2655 et
777 2590 899 2655 sactum
927 2590 1020 2653 simul
1048 2591 1122 2654 Sex.
1147 2590 1267 2670 Naevii,
1296 2594 1381 2677 quod
1406 2592 1434 2656 si

229 2695 333 2758 solum
348 2694 543 2778 proferretur
557 2691 637 2754 sctis
652 2711 722 2753 esse
737 2689 879 2752 deberet.
926 2688 1019 2766 Quod
1033 2689 1150 2764 abste,
1167 2689 1203 2754 (l.
1220 2689 1350 2776 Aquilli,
1366 2698 1401 2756 et
1414 2713 1435 2756 a

229 2792 328 2867 vobis,
346 2791 399 2874 qni
414 2789 534 2851 adestis
548 2788 580 2850 in
596 2785 735 2863 consilio,
753 2803 870 2868 quaeso
887 2790 924 2847 nt
940 2784 1109 2869 diligenter
1123 2787 1306 2851 attendatis.
1354 2788 1434 2852 Pro·

229 2889 316 2952 lecto
331 2883 515 2970 intelligetis
530 2883 615 2946 illinc
630 2883 671 2946 ab
686 2881 775 2946 initio
791 2880 1000 2966 cupiditatem
1014 2904 1175 2966 pugnasse
1190 2889 1224 2947 et
1242 2883 1430 2960 audaciam

229 2986 304 3050 hinc
319 2983 487 3048 veritatem
498 2989 532 3045 et
542 2980 692 3066 pudorem
706 2977 809 3064 quoad
825 2977 966 3062 potuerit
977 2979 1145 3044 restitisse.
1190 2979 1281 3044 Bona
1291 2984 1435 3068 postulas

228 3091 268 3148 nt
290 3103 330 3146 ex
353 3079 459 3145 edicto
481 3077 641 3164 possidere
662 3075 768 3140 liceat.
818 3077 889 3156 Quo
912 3075 980 3138 diet
1031 3071 1077 3138 Te
1099 3077 1212 3160 ipsum,
1237 3077 1346 3157 Naevi,
1363 3079 1434 3144 volo

230 3179 358 3244 audire:
383 3175 454 3241 volo
470 3175 644 3239 inauditum
655 3173 778 3236 lacinus
793 3169 892 3256 ipsius
907 3172 959 3255 qni
972 3169 1004 3233 id
1019 3173 1179 3236 commisit
1192 3195 1268 3238 voce
1280 3176 1433 3240 convinci.

232 3277 303 3352 Dic,
321 3274 431 3352 Naevi,
446 3273 539 3338 diem.
584 3271 672 3335 Ante
689 3267 772 3332 diem
787 3290 815 3332 v.
832 3267 969 3331 Kalend.
985 3267 1199 3335 intercalares.
1244 3270 1333 3335 Bene
1353 3273 1433 3358 agis.

231 3425 816 3496 quitelncounisteutnillrtlrehsbitsoll’.0nin-
849 3439 904 3486 says
924 3423 975 3483 (De
992 3424 1036 3472 Or.
1050 3425 1076 3473 ii.
1094 3424 1153 3487 t7):
1180 3431 1349 3490 '‘quamqusm
1368 3429 1434 3476 soleo

231 3497 279 3545 tius
290 3513 316 3544 as
328 3497 410 3544 Cicero
421 3499 554 3556 represents
567 3493 642 3540 them.
677 3492 689 3538 l
701 3490 817 3538 conclude
849 3503 921 3550 saepe
931 3491 1011 3536 ιιιίιιιι·
1025 3505 1108 3537 eornm
1121 3491 1254 3552 impuden’
1307 3493 1349 3578 rpri
1359 3499 1435 3554 agunt

231 3562 285 3609 thst
296 3561 410 3612 Quintius
418 3573 466 3606 nas
474 3563 518 3605 not
525 3571 540 3604 a
547 3557 689 3618 purchseer3
707 3555 754 3602 rud
762 3554 816 3602 anst
848 3553 874 3600 in
886 3568 958 3600 scena
967 3560 1061 3614 gestum
1073 3561 1198 3616 spectante
1208 3555 1314 3603 uereor

231 3626 253 3672 ii
261 3625 365 3672 Naevius
382 3617 708 3678 scireburnensem
719 3633 774 3680 may
786 3618 816 3665 be
881 3622 968 3665 costra
979 3619 1051 3664 lolem
1063 3619 1195 3680 artificem]
1231 3618 1384 3666 Hortensius.

232 3687 345 3744 doubted,
358 3689 389 3734 he
405 3687 453 3733 had
467 3701 533 3733 some
543 3699 628 3732 reason
638 3683 720 3740 forit3
737 3682 815 3728 ulrich
879 3683 921 3728 111.
938 3685 963 3728 et
979 3683 1136 3744 mehercule]
1172 3687 1215 3730 ‘ut
1231 3683 1385 3730 mehercule'
1402 3683 1435 3730 sll

231 3767 316 3800 resson
323 3753 365 3798 the
371 3755 451 3798 orator
458 3750 536 3812 might
544 3749 646 3810 perhaps
653 3747 712 3794 have
719 3746 770 3794 told
778 3759 813 3802 nr,
848 3743 953 3792 Kellsr's
974 3744 1048 3791 MSS.
1067 3750 1154 3808 except
1171 3761 1234 3804 one;
1249 3747 1297 3793 and
1315 3747 1374 3793 itis
1391 3747 1435 3793 the

231 3817 253 3864 ii
262 3817 292 3862 ta
303 3816 382 3862 chose.
420 3815 466 3861 Iret
482 3829 511 3861 us
527 3827 630 3874 suppose
644 3811 697 3858 that
709 3810 815 3857 Naevius
847 3808 946 3867 reading
967 3807 995 3854 oi
1010 3822 1078 3856 some
1096 3809 1167 3856 other
1183 3810 1257 3857 1188.
1272 3810 1338 3866 alm
1353 3811 1435 3856 ands

232 3875 716 3935 iorsomereasonlied‚sndtlrst0ioero
727 3871 815 3921 turned
847 3871 1028 3931 goodresdlng.
1075 3907 1084 3914 .

232 3943 269 3991 his
281 3943 311 3989 lie
322 3949 348 3989 to
359 3948 467 3990 wcouut.
880 3935 1029 3994 Nimim]
1070 3933 1117 3980 fles
1134 3935 1191 3981 Vol.
1211 3935 1233 3981 1.
1249 3934 1318 3979 Ver-r.
1329 3933 1355 3979 ii.
1370 3939 1395 3982 4.
1412 3949 1434 3982 c.

266 4007 349 4054 Keller
359 4007 401 4054 irus
414 4019 480 4052 some
490 4003 597 4052 remarks
608 4017 640 4050 on
650 4001 699 4050 tisis
709 4013 817 4062 punge,
850 3997 933 4052 c7.-·
942 3997 1005 4057 quod
1017 3997 1146 4044 stoendatis
1155 3997 1175 4044 ι’
1197 3998 1223 4043 iu
1236 3997 1279 4044 the
1290 3997 1359 4043 Verr.
1372 3997 1398 4044 ii.
1409 4001 1434 4046 8.

232 4071 278 4118 but
286 4071 299 4118 1
308 4071 392 4130 hardly
401 4067 548 4116 understand
555 4067 631 4114 them.
666 4065 690 4113 It
697 4067 718 4112 la
726 4079 741 4111 a
749 4059 818 4110 amuli
850 4076 871 4108 c.
882 4063 899 4107 r
908 4059 974 4123 (Vol.
983 4059 1025 4121 1.),
1032 4059 1063 4106 lre
1069 4073 1124 4120 says
1135 4065 1142 4088 ⁴
1152 4059 1433 4122 sireliqussttendetisr’

232 4136 302 4196 thing
313 4135 350 4182 lor
364 4149 390 4181 so
407 4135 463 4193 long
474 4147 488 4179 s
501 4137 572 4187 note3
589 4131 634 4177 but
647 4130 668 4176 it
682 4129 787 4189 requires
802 4141 817 4174 s
848 4125 897 4172 sud
907 4125 933 4170 in
945 4123 1013 4170 Vcrr.
1024 4123 1049 4169 ii.
1061 4127 1086 4169 t.
1098 4139 1119 4170 c.
1135 4126 1167 4178 tr
1183 4124 1203 4170 it
1219 4125 1240 4172 is
1258 4124 1360 4184 couplod
1376 4125 1435 4172 with

231 4205 297 4256 note,
309 4199 330 4246 ii
338 4199 357 4246 it
368 4199 389 4245 is
400 4197 456 4260 only
468 4201 494 4244 to
511 4195 576 4242 show
589 4193 630 4240 the
645 4193 779 4240 difficulties
791 4189 819 4237 of
849 4187 1013 4247 ‘intelligere’
1030 4187 1102 4233 thus:
1125 4187 1214 4248 “quod
1230 4189 1276 4234 iste
1291 4188 1364 4234 horno
1379 4188 1434 4236 bur-

231 4263 273 4312 ωε
284 4277 390 4324 passage,
848 4251 959 4299 barussc
970 4251 1099 4297 dissolutus
1108 4253 1318 4311 nequesltendere
1328 4265 1434 4314 unquam

268 4329 296 4383 Q.
304 4326 414 4388 Borma]
433 4319 650 4372 The‘comoedus'
661 4317 817 4365 whosesister
849 4329 929 4377 neque
949 4315 1081 4374 intelligere
1099 4314 1205 4375 potuit.”
1245 4315 1299 4362 The
1317 4318 1435 4378 complete

231 4405 280 4438 uss
291 4392 333 4438 the
345 4391 397 4437 nile
408 4390 436 4438 ol
452 4389 574 4441 Quintius.
609 4385 649 4432 He
663 4385 817 4442 naupreseut
849 4380 987 4440 expression
998 4378 1213 4426 occursluCiosro
1223 4379 1248 4426 in
1259 4380 1435 4442 anotherplsea

231 4455 301 4502 when
322 4455 405 4502 Cicero
427 4467 475 4500 uss
493 4452 622 4514 spartium
646 4461 674 4495 or
693 4461 730 4492 rra
751 4449 816 4492 must
850 4443 954 4506 (Contra
973 4441 1038 4488 Rull.
1060 4443 1086 4488 ii.
1102 4457 1123 4488 c.
1143 4441 1201 4506 lt)=
1230 4444 1296 4491 “red
1317 4446 1435 4493 attendite

232 4530 337 4580 suppose
348 4517 502 4564 hirntolrave
509 4515 570 4561 been
579 4517 683 4574 present.
718 4509 816 4557 lienus
848 4506 1090 4566 wmosausqme
1099 4506 1304 4568 wnsequuutur.'’

231 4597 247 4630 r
257 4586 421 4644 grestmsster
433 4574 698 4640 ormensugeuss’).
731 4573 815 4622 Cicero
880 4570 1046 4620 Aalrds'rrrr.
1057 4571 1352 4633 dulceduine-alares]
1381 4572 1434 4620 'l'hs
