3517 5325
331 476 395 538 252
544 473 680 540 ORA'l'.
703 474 767 538 Du
792 471 997 538 IMPERIO
1021 471 1095 537 GN.
1119 469 1323 536 POMPEII

331 652 429 730 atque
443 645 537 709 sociis
550 668 571 710 a
585 645 707 710 duobus
720 644 951 731 potentissimis
965 644 1094 729 regibus
1116 643 1260 721 insertur,
1288 641 1480 708 Mithridate
1502 648 1538 706 et

334 743 482 829 Tigrane,
499 765 632 828 quorum
646 744 729 808 alter
743 743 883 819 relictus,
899 741 982 806 alter
995 741 1172 819 lacessitus,
1189 740 1390 804 occasionem
1412 739 1471 803 sihi
1493 740 1538 804 ad
1645 815 1652 828 .

333 841 554 926 occupandam
568 839 684 904 Asiam
698 841 840 906 oblatam
848 861 919 904 asse
928 839 1136 904 arbitrantur.
1182 837 1355 923 Equitibus
1371 837 1534 915 Romanis,

333 929 566 1002 honestissimis
591 937 675 1014 viris,
702 938 878 1002 afferuntur
903 959 944 1001 ex
968 937 1049 1000 Asia
1074 935 1215 1021 quotidie
1240 935 1378 1012 litterae,
1403 957 1537 1020 quorum

333 1057 467 1121 magnae
486 1057 538 1099 res
552 1043 693 1120 aguntur
713 1036 746 1099 in
768 1035 883 1100 vestris
905 1033 1114 1119 vectigalibus
1135 1033 1321 1098 exercendis
1338 1041 1534 1118 occupataez

335 1133 389 1219 qni
403 1134 445 1197 ad
458 1155 519 1210 me,
532 1154 590 1218 pro
604 1133 840 1198 necessitudine
851 1131 1018 1219 quaemihi
1033 1138 1084 1195 est
1099 1152 1172 1194 cum
1186 1130 1240 1195 illo
1255 1130 1374 1208 ordine,
1391 1153 1539 1194 caussam

334 1232 381 1295 rei
395 1230 538 1316 publicae
552 1230 753 1316 periculaque
767 1253 875 1294 rerum
889 1251 1018 1294 suarum
1033 1228 1234 1292 detulerunt:
1259 1227 1439 1314 Bithyniae,
1456 1250 1539 1313 quae

334 1351 419 1393 nunc
434 1335 542 1392 vestra
563 1328 724 1414 prouincia
746 1336 806 1407 est,
830 1328 919 1392 vicos
940 1332 1073 1391 exustos
1093 1347 1163 1390 esse
1178 1325 1378 1411 complures;
1404 1347 1539 1411 regnum

336 1426 573 1502 Ariobarzanis,
589 1427 674 1512 quod
689 1426 858 1492 finitimum
872 1433 924 1490 est
938 1424 1054 1489 vestris
1069 1423 1288 1508 vectigalibus,
1304 1430 1411 1488 totum
1425 1444 1496 1487 esse
1505 1423 1539 1486 in

335 1524 476 1589 hostium
498 1531 679 1609 potestate;
722 1523 889 1588 Lucullum
916 1523 1040 1609 magnis
1068 1522 1165 1585 rebus
1193 1519 1295 1607 gestis
1323 1522 1365 1586 ab
1395 1543 1432 1586 eo
1456 1521 1539 1588 bello

337 1622 517 1696 discedere;
542 1621 617 1685 huic
632 1621 686 1706 qui
707 1621 898 1686 successerit
919 1643 983 1685 uon
1001 1619 1082 1686 satis
1104 1640 1174 1683 esso
1193 1625 1340 1704 paratum
1355 1619 1540 1684 adtentum

336 1721 453 1785 bellum
466 1719 774 1784 administrandum:
799 1742 897 1783 unum
911 1721 953 1783 ab
968 1718 1115 1783 omnibus
1137 1717 1236 1781 sociis
1257 1723 1291 1782 et
1314 1717 1434 1782 civibus
1448 1719 1490 1781 ad
1505 1719 1539 1783 id

336 1818 454 1880 bellum
468 1817 691 1902 imperatorem
706 1817 835 1902 deposci
857 1823 955 1902 atque
977 1815 1095 1902 expeti,
1112 1815 1249 1879 eundem
1270 1816 1355 1880 huuc
1376 1837 1474 1880 unum
1495 1816 1539 1880 ab

336 1914 482 1979 hostibus
495 1915 604 1994 metui,
621 1928 788 2000 praeterea
801 1915 970 1979 neminem.

380 2013 503 2078 Caussa
526 2035 606 2098 quae
636 2013 680 2077 sit
707 2013 844 2089 ridetis3
868 2034 954 2076 nunc
978 2012 1054 2098 quid
1073 2013 1233 2100 agendum
1257 2012 1301 2076 sit
1325 2013 1539 2078 considerate.

339 2109 482 2174 Primum
496 2110 573 2173 mihi
587 2111 712 2175 videtur
727 2111 767 2174 de
780 2131 898 2196 genere
917 2110 1000 2188 belli,
1025 2111 1138 2202 deinde
1162 2110 1201 2173 de
1223 2109 1452 2194 magnitudine,
1469 2115 1540 2172 tum

337 2210 378 2273 de
392 2209 582 2294 imperatore
596 2208 762 2294 deligendo
777 2230 848 2272 esse
867 2207 1047 2271 dicendum.
1092 2207 1202 2272 Genus
1224 2213 1274 2270 est
1296 2205 1369 2269 belli
1384 2205 1539 2291 ejusmodi

337 2307 423 2392 quod
439 2306 576 2370 maxime
597 2313 721 2370 vestros
743 2304 866 2368 animos
885 2305 1027 2370 excitare
1048 2311 1146 2390 atque
1163 2302 1358 2368 inflammare
1372 2305 1414 2386 ad
1433 2327 1538 2390 perse-

337 2404 454 2490 quendi
475 2404 617 2467 studium
638 2404 762 2480 debeat,
778 2402 812 2466 in
833 2425 897 2489 quo
919 2403 1027 2488 agitur
1043 2401 1150 2488 populi
1173 2401 1309 2466 Romani
1330 2401 1441 2486 gloria,
1458 2423 1540 2486 quae

307 2503 311 2509 ’
336 2501 427 2567 vobis
441 2523 462 2566 a
475 2501 647 2585 majoribus
661 2523 759 2587 quum
773 2521 891 2584 magna
905 2500 938 2563 in
953 2501 1098 2564 omnibus
1113 2500 1219 2580 rebus,
1236 2505 1306 2564 tum
1320 2521 1443 2564 summa
1458 2499 1490 2562 in
1504 2521 1540 2564 re

337 2599 466 2665 militari
481 2599 603 2665 tradita
617 2605 677 2678 est,
693 2599 801 2685 agitur
814 2597 900 2663 salus
915 2597 1072 2663 sociorum
1087 2605 1186 2684 atque
1205 2597 1387 2677 amicorum,
1404 2599 1462 2683 pro
1477 2619 1541 2683 qua

336 2699 439 2765 multa
467 2700 603 2783 majores
628 2698 727 2763 vestri
755 2704 932 2783 magnaei
957 2696 1067 2783 gravia
1090 2696 1172 2761 bella
1194 2702 1372 2782 gesserunt,
1399 2709 1541 2783 aguntur

336 2909 519 2972 interpretation
536 2908 556 2957 is
572 2909 652 2971 right3
674 2906 861 2971 ‘vecfigahhus'
878 2906 922 2955 de·
953 2908 996 2956 the
1006 2906 1058 2955 rich
1069 2906 1199 2969 capitalists
1210 2906 1239 2955 oi
1252 2908 1351 2955 modern
1361 2907 1441 2956 times.
1475 2906 1541 2955 Such

337 2975 415 3037 penda
425 2974 524 3036 directly
534 2989 567 3021 on
578 2973 769 3035 ‘periculosum'
954 2987 1059 3035 apower
1069 2988 1125 3035 may
1136 2971 1166 3020 be
1181 2971 1314 3034 dangeroua
1328 2976 1354 3019 to
1365 2988 1379 3021 a
1390 2976 1452 3019 state
1462 2972 1509 3019 and
1520 2973 1542 3020 it

370 3039 531 3100 Mittridute]
549 3038 709 3086 Thenameis
721 3037 880 3085 Mithradates
891 3050 923 3083 on
955 3036 1084 3099 inevitsbly
1103 3036 1198 3085 lavours
1216 3036 1354 3099 corruption
1375 3038 1423 3085 aad
1444 3037 1540 3085 atussa

339 3103 635 3164 coinsandinscriptious.
667 3102 721 3149 The
738 3102 844 3149 Romans
857 3116 923 3147 seem
956 3101 1127 3163 Itisaposcr
1136 3101 1334 3149 aboreallothsr
1344 3116 1444 3164 powers,
1454 3106 1542 3163 except

338 3170 437 3215 tohave
448 3168 543 3213 written
556 3166 598 3213 the
614 3180 686 3213 name
699 3166 862 3221 Mithridates,
875 3164 923 3211 and
955 3166 997 3213 the
1024 3166 1133 3227 printing
1159 3164 1467 3229 pras-‘arbitrantur
1498 3166 1541 3213 the

339 3233 390 3279 also
406 3232 448 3278 the
466 3230 545 3278 Greek
559 3230 652 3277 writers
667 3229 696 3277 oi
711 3230 806 3277 Roman
822 3228 922 3290 history.
955 3230 1054 3290 reading
1069 3230 1098 3278 of
1110 3230 1153 3277 the
1164 3230 1243 3277 better
1252 3230 1326 3278 MSS.
1359 3230 1412 3278 'l'he
1428 3244 1541 3279 common

339 3296 407 3343 Thus
418 3295 460 3341 the
471 3295 578 3341 Romans
593 3294 699 3355 changed
710 3293 754 3340 tho
765 3294 844 3341 Greek
854 3293 922 3340 Mas·
955 3294 1053 3355 reading
1064 3294 1084 3341 is
1096 3298 1102 3322 ¹
1112 3293 1257 3342 arbitratur)

340 3359 460 3406 saliaiuto
471 3357 755 3405 Massilia-‘relicturi’
773 3358 924 3419 thisapplies
989 3372 1029 3405 res
1049 3358 1168 3420 spuatur]
1195 3359 1292 3406 ‘whose
1313 3360 1426 3407 interests
1449 3372 1490 3406 arc
1513 3359 1541 3407 in

339 3428 367 3470 to
388 3422 549 3479 Mithridates,
572 3422 625 3469 who
646 3422 693 3469 had
715 3426 759 3469 not
778 3421 840 3468 been
858 3436 924 3469 com·
956 3422 1034 3483 peril!
1067 3422 1308 3471 'l'hisisscomrnon
1325 3422 1387 3471 iorm
1403 3424 1432 3471 ol
1444 3436 1540 3484 expres-

340 3486 582 3549 pletelyconquerad.
614 3486 925 3547 'I'haRomansbeganthe
958 3486 1369 3544 sion,asintheDsAm.c.17:
1387 3487 1541 3549 “inquibus

339 3550 422 3598 attack
432 3564 465 3596 on
475 3550 513 3597 his
523 3552 661 3598 son-indas
671 3550 720 3598 and
729 3551 788 3613 ally,
797 3550 921 3612 nigrans
954 3566 1039 3598 sorum
1049 3556 1092 3598 aut
1103 3557 1175 3613 caput
1185 3557 1269 3614 agatur
1276 3558 1319 3600 aut
1330 3550 1420 3600 fsma.”
1454 3550 1504 3599 But
1515 3552 1541 3599 in

340 3614 421 3661 —-⁴ad
434 3616 596 3677 occupandam
612 3614 719 3663 Asiamr'
736 3614 767 3663 hs
783 3630 866 3662 means
881 3614 924 3661 the
956 3630 976 3662 c.
989 3616 1004 3663 6
1015 3615 1114 3663 tharsis
1131 3618 1219 3677 ‘quum
1231 3616 1261 3664 de
1272 3616 1382 3665 maximis
1392 3616 1476 3665 vestris
1486 3630 1542 3663 vec-

340 3678 496 3741 prooonsular
518 3680 631 3741 province
653 3679 681 3727 oi
699 3680 764 3727 Asia.
797 3679 851 3727 The
873 3678 924 3725 Ro-
956 3678 1069 3741 tigalibus
1083 3680 1184 3741 agatur,'
1202 3681 1280 3728 which
1297 3696 1375 3729 mama
1389 3680 1486 3729 tohare
1499 3679 1542 3729 the

326 3758 410 3791 'mans
430 3742 491 3806 (nc.
513 3743 578 3808 las),
600 3743 677 3791 under
692 3744 735 3791 the
753 3748 926 3804 testamentary
958 3759 1023 3791 same
1049 3745 1161 3807 meaning
1191 3759 1217 3793 ss
1254 3746 1394 3807 ‘vectigalia
1419 3744 1541 3805 sguntur,'

340 3808 442 3871 bequest
452 3808 481 3856 oi
488 3808 592 3863 Attalus.
603 3809 662 3869 king
672 3809 701 3855 si
708 3808 924 3871 Pergamum,tock
956 3808 1049 3869 though
1076 3808 1123 3856 ‘da
1149 3824 1175 3856 rc
1200 3809 1292 3871 sgitur'
1317 3810 1437 3871 generally
1458 3824 1542 3857 muns

339 3874 476 3937 possession
486 3872 515 3920 oi
526 3872 564 3920 his
578 3872 713 3921 dominicus
730 3874 871 3936 (Ercursns,
882 3872 925 3920 tha
957 3872 1044 3935 simply
1055 3873 1097 3920 tha
1114 3878 1202 3921 matur
1218 3874 1244 3921 in
1261 3874 1334 3933 hand,
1351 3888 1379 3922 or
1394 3874 1438 3923 tha
1453 3880 1542 3922 matter

342 3938 481 3986 Paovnrcs
503 3938 592 4000 Assa).
624 3936 683 3984 Asia
700 3952 749 3985 was
770 3952 817 3985 ona
837 3936 867 3984 oi
882 3936 925 3984 tha
957 3936 995 3985 scr
1005 3938 1185 3986 consideration.

340 4008 405 4051 most
421 4002 559 4065 productiva
574 4002 706 4063 provinces,
723 4002 770 4049 sod
783 4002 804 4049 it
819 4000 923 4049 suffered
987 4002 1140 4064 Bithynius]
1158 4002 1217 4049 This
1227 4002 1341 4064 kingdom
1350 4002 1401 4051 also
1411 4002 1453 4051 fall
1463 4006 1490 4050 to
1499 4002 1543 4050 the

340 4066 475 4129 grievously
484 4066 547 4113 from
558 4066 600 4113 the
614 4066 737 4114 Publicani
747 4081 776 4114 or
786 4066 924 4128 campanies
957 4066 1064 4114 Romana
1081 4065 1114 4127 by
1132 4072 1306 4129 testamentary
1324 4067 1428 4130 beqnsst
1449 4082 1480 4113 on
1499 4066 1542 4114 the

340 4132 369 4179 of
385 4131 486 4193 Equites
496 4130 551 4177 rrho
564 4130 656 4178 hrmed
671 4130 714 4178 tha
728 4145 844 4179 meones
855 4128 923 4193 (le
956 4130 1028 4178 death
1038 4129 1066 4177 ol
1077 4130 1121 4177 the
1131 4131 1178 4178 last
1189 4131 1255 4193 king,
1264 4132 1409 4179 Nicomedes
1418 4132 1478 4188 111,
1490 4144 1541 4179 a.c.

340 4196 416 4251 tarch,
429 4194 557 4252 Lucullus;
575 4195 667 4254 Cicero,
677 4194 716 4242 Ad
728 4196 759 4247 Q.
772 4195 888 4251 huam,
904 4196 925 4242 1.
958 4196 989 4251 74
1002 4192 1117 4257 (Appiam
1129 4194 1239 4243 Mithrid.
1249 4211 1270 4243 c.
1280 4198 1325 4254 7l3
1345 4196 1397 4243 Liv.
1410 4194 1475 4257 Epit.
1487 4194 1541 4258 93).

342 4260 376 4323 l).
397 4258 925 4321 Cicerohimselfoiequestrianorlgin(‘mu-
958 4258 1131 4307 Ariobarzanes
1159 4274 1209 4309 was
1237 4261 1296 4322 king
1322 4260 1351 4309 ol
1381 4259 1541 4323 Cappadocia.

339 4324 448 4385 nicipalis
455 4323 545 4385 equas,'
554 4324 570 4371 J
572 4340 611 4371 ur.
616 4324 666 4372 Sat.
673 4325 706 4371 ix.
714 4323 773 4387 238)
780 4340 829 4372 was
836 4324 925 4385 closely
959 4323 1004 4371 Sos
1014 4324 1056 4370 the
1068 4324 1242 4373 Introduction.

339 4388 471 4435 comccted
492 4388 550 4435 arith
575 4388 617 4436 tha
638 4388 746 4450 Equites,
768 4389 816 4436 and
837 4388 925 4449 always
990 4388 1101 4449 telequi
1112 4388 1268 4447 arraserit]
1286 4388 1346 4437 ’l'his
1360 4388 1381 4436 is
1397 4388 1439 4437 llas
1454 4404 1544 4451 proper

339 4452 470 4514 supported
480 4452 544 4500 their
555 4453 674 4501 intas-ests.
707 4453 786 4501 'I'heoe
799 4468 855 4500 men
869 4452 926 4499 held
957 4450 1020 4499 form
1041 4452 1068 4498 in
1089 4466 1104 4498 s
1124 4452 1155 4499 de
1186 4453 1261 4500 adeat
1287 4457 1407 4510 sentence,
1429 4454 1476 4500 and
1498 4460 1544 4501 not

339 4517 769 4579 Magreatcapitalsintheirhsnds.
779 4516 925 4579 andplsyed
957 4514 1101 4563 ‘suescant’
1173 4518 1543 4579 encompetentsuoeessorm

339 4585 420 4648 spart
430 4581 455 4631 in
468 4581 563 4631 Roman
574 4582 669 4645 politica
683 4586 727 4630 not
741 4580 825 4629 anhks
835 4580 890 4629 that
899 4580 928 4629 oi
956 4578 1003 4627 Μ’.
1015 4579 1106 4628 Acilius
1117 4580 1224 4631 Glabrio.
1258 4580 1316 4644 (See
1327 4580 1433 4643 lutrod.)
