3517 5325
324 485 387 548 348
642 481 777 546 ORAT.
801 481 892 547 PRO
916 483 957 545 A.
981 481 1218 548 OLUENTIO

320 653 480 737 judicibus
495 658 528 717 et
542 652 640 718 falsae
654 653 827 739 suspicioni
849 661 882 717 et
905 653 1041 718 invidiae
1054 652 1250 739 populariter
1264 653 1423 718 excitatae
1437 656 1532 721 resti-

324 751 428 816 tisset.

369 848 479 910 Unum
493 848 589 912 etiam
605 855 655 914 est
670 851 754 934 quod
768 871 820 913 me
835 850 971 914 maxime
985 850 1161 935 perturbat,
1179 849 1230 913 cui
1253 849 1321 913 loco
1336 851 1532 934 respondere

324 947 377 1008 vix
392 946 499 1009 videor
513 968 614 1031 posse,
632 947 717 1031 quod
732 947 869 1031 elogium
884 947 1029 1011 recitasti
1042 948 1082 1010 de
1101 953 1296 1011 testamento
1319 947 1378 1011 Gn.
1395 943 1533 1031 Egnatii

323 1043 432 1129 patris,
456 1043 592 1107 hominis
614 1043 829 1108 honestissimi
852 1045 999 1109 videlicet
1021 1052 1056 1108 et
1079 1044 1323 1128 sapientissimi;
1353 1045 1471 1108 idcirco
1493 1067 1530 1109 se

323 1143 532 1206 exheredasse
547 1141 644 1204 lilium
659 1143 743 1227 quod
758 1142 786 1206 is
801 1144 842 1206 ob
859 1142 1026 1227 Oppianici
1041 1142 1336 1206 condemnationem
1361 1143 1531 1228 pecuniam

323 1241 507 1325 accepisset.
552 1240 602 1303 De
625 1241 715 1324 cujus
738 1240 874 1304 hominis
901 1239 1031 1305 levitate
1053 1251 1088 1303 et
1110 1240 1325 1304 inconstantia
1348 1242 1440 1326 plura
1462 1263 1530 1304 non

323 1339 436 1402 dicam.
484 1339 557 1403 Hoc
568 1345 798 1402 testamentum
813 1337 926 1422 ipsum,
939 1339 1024 1423 quod
1039 1339 1166 1414 recitas,
1180 1340 1336 1423 ejusmodi
1351 1348 1402 1405 est
1413 1347 1450 1404 ut
1464 1341 1526 1421 ille,

323 1458 419 1521 quum
435 1458 507 1498 eum
522 1435 621 1499 filium
636 1435 845 1499 exheredaret
860 1456 954 1519 quem
969 1436 1091 1514 oderat,
1108 1435 1138 1498 ei
1159 1435 1225 1499 filio
1240 1437 1412 1500 coheredes
1427 1438 1529 1502 homi·

322 1555 380 1598 nes
393 1533 601 1598 alienissimos
615 1533 805 1618 adjungeret
817 1555 911 1618 quem
922 1532 1085 1618 diligebat.
1117 1532 1181 1597 Sed
1190 1540 1235 1613 tu,
1249 1535 1333 1611 Atti,
1344 1536 1529 1600 consideres

323 1653 437 1695 censeo
464 1631 640 1717 diligenter,
665 1640 773 1696 utrum
799 1652 967 1695 censorum
988 1631 1143 1714 judicium
1166 1654 1263 1716 grave
1289 1632 1367 1697 velis
1390 1655 1459 1696 esse
1485 1656 1529 1696 an

324 1728 466 1814 Egnatii.
512 1729 547 1792 Si
564 1729 704 1814 Egnatii,
721 1729 789 1792 leve
803 1735 853 1792 est
868 1729 952 1813 quod
967 1750 1116 1792 censores
1135 1729 1175 1792 de
1197 1729 1314 1794 ceteris
1335 1730 1528 1816 subscripse-

322 1835 418 1899 runt;
451 1827 556 1911 ipsum
581 1826 665 1889 enim
691 1827 749 1891 (lu.
774 1826 960 1912 Egnatium,
982 1847 1076 1910 quem
1099 1833 1137 1890 tu
1160 1849 1290 1911 gravem
1313 1849 1383 1891 esse
1406 1829 1461 1907 vis,
1486 1851 1527 1891 ex

323 1931 436 1988 senatu
466 1925 647 2007 ejecerunt:
680 1923 727 1987 sin
756 1933 864 1988 autem
895 1945 1071 2001 censorum,
1101 1924 1186 1988 hunc
1216 1924 1401 2009 Egnatium,
1432 1948 1528 2010 quem

322 2027 414 2106 pater
435 2021 577 2084 censoria
591 2021 822 2105 subscriptione
837 2020 1049 2099 exheredavit,
1067 2043 1215 2086 censores
1237 2023 1270 2086 in
1294 2031 1407 2087 senatu
1428 2045 1528 2108 quum

322 2127 446 2204 patrem
461 2118 613 2202 ejicerent
627 2119 834 2183 retinuerunt.

367 2216 503 2280 XLIX.
539 2217 587 2280 At
611 2217 695 2281 enim
718 2225 848 2280 senatus
874 2217 1039 2282 universus
1060 2217 1216 2302 judicavit
1239 2217 1315 2281 illud
1341 2224 1528 2303 corruptum

322 2337 391 2380 esse
413 2314 577 2399 judicium.
624 2314 810 2394 Quomodo?
866 2315 1016 2401 Suscepit
1041 2338 1197 2380 caussam.
1247 2315 1302 2378 An
1327 2315 1433 2400 potuit
1458 2337 1528 2378 rem

322 2413 459 2477 delatam
474 2412 629 2496 ejusmodi
644 2412 826 2496 repudiare?
842 2435 939 2498 quum
954 2415 1101 2477 tribunus
1116 2413 1215 2498 plebis
1229 2413 1347 2498 populo
1363 2412 1527 2477 concitato
1574 2425 1585 2444 ‘

321 2533 386 2576 rem
403 2532 501 2595 paene
517 2511 558 2574 ad
572 2533 685 2574 manus
699 2518 887 2587 revocasset,
913 2533 1010 2596 quum
1033 2511 1080 2574 vir
1101 2510 1240 2596 optimus
1262 2518 1295 2574 et
1317 2511 1412 2573 homo
1435 2511 1526 2574 inno-

322 2608 524 2673 centissimus
559 2609 693 2695 pecunia
722 2609 956 2674 circumventus
987 2609 1153 2687 diceretur,
1191 2630 1289 2694 quum
1318 2608 1435 2672 invidia
1469 2609 1526 2673 fla-

321 2715 431 2794 graret
449 2709 527 2773 ordo
555 2708 742 2783 senatorius,
763 2708 869 2792 potuit
890 2706 968 2770 nihil
983 2707 1130 2771 decernit
1150 2708 1257 2792 potuit
1276 2707 1329 2770 illa
1351 2707 1526 2772 concitatio

321 2807 533 2871 multitudinis
547 2807 614 2870 sine
630 2829 753 2871 summo
769 2805 908 2890 periculo
927 2806 974 2868 rei
996 2804 1140 2890 publicae
1162 2805 1342 2890 repudiarit
1386 2806 1435 2869 At
1449 2806 1527 2890 quid

321 2910 370 2967 est
386 2905 570 2968 decretum?
592 2927 686 2989 quam
706 2905 813 2988 juste!
839 2924 936 2987 quam
957 2904 1138 2989 sapienter!
1163 2925 1259 2987 quam
1281 2903 1468 2987 diligenter!
1494 2924 1526 2965 sr

322 3022 380 3069 cnr
413 3024 499 3065 suren
531 3023 670 3069 cuonun
698 3022 810 3063 onena
836 3022 978 3063 unorum
1007 3022 1060 3063 sur
1087 3022 1131 3063 ur
1158 3022 1325 3063 Junrcrun
1351 3022 1525 3064 ruanrcuu

322 3121 631 3164 connunrsnarun.
678 3098 798 3161 Utrum
814 3096 939 3161 videtur
954 3098 985 3161 id
1002 3106 1135 3162 senatus
1148 3099 1270 3161 factum
1282 3098 1426 3182 judicare
1440 3121 1482 3162 au
1496 3100 1525 3163 si

321 3198 444 3261 factum
465 3197 509 3260 sit
532 3198 663 3259 moleste
685 3194 886 3279 graviterque
909 3195 1012 3258 ferrei
1057 3195 1092 3258 Si
1115 3196 1183 3281 ipse
1208 3194 1251 3259 A.
1268 3196 1432 3260 Cluentius
1456 3218 1527 3260 seu-

320 3295 456 3359 tentiam
481 3294 520 3356 de
542 3292 670 3376 judiciis
694 3297 870 3375 rogaretur,
888 3292 983 3355 aliam
1005 3314 1069 3356 non
1092 3292 1214 3357 diceret
1228 3300 1323 3378 atque
1339 3293 1360 3356 ii
1376 3294 1527 3358 dixerunt

321 3413 454 3477 quorum
469 3390 634 3454 sententiis
649 3389 828 3453 Cluentium
844 3390 1090 3453 condemnatum
1102 3412 1172 3455 esse
1184 3391 1300 3455 dicitis.
1332 3391 1396 3455 Sed
1407 3413 1526 3476 quaero

320 3488 452 3563 auchie,
469 3510 543 3549 num
558 3487 653 3551 istam
667 3486 769 3572 legem
783 3508 824 3549 er
842 3486 905 3550 isto
921 3487 1212 3551 senatusconsulto
1230 3487 1267 3551 L.
1285 3486 1437 3551 Lucullus
1451 3509 1526 3551 con·

319 3586 377 3661 sul,
402 3584 496 3646 homo
518 3584 778 3669 sapientissimus,
802 3584 934 3657 tulerit;
961 3607 1037 3647 uum
1059 3607 1142 3648 anno
1164 3591 1239 3670 post
1261 3586 1308 3648 M.
1326 3584 1477 3649 Lucullus
1490 3593 1526 3650 et

320 3684 357 3750 Ο.
373 3682 510 3761 Oassius
538 3682 571 3746 iu
597 3704 674 3767 quos
700 3689 769 3747 tum
796 3682 945 3746 consules
979 3682 1164 3771 designatos
1188 3682 1272 3747 idem
1294 3682 1372 3747 illud
1394 3690 1526 3748 senatus

318 3934 377 3982 does
387 3936 431 3981 not
441 3948 505 3981 seem
516 3933 558 3981 the
573 3932 639 3994 right
651 3931 723 3988 word,
735 3932 781 3979 aud
799 3946 865 3980 acme
881 3932 910 3980 of
940 3931 1020 3981 Greek
1035 3932 1108 3989 word,
1120 3932 1140 3979 is
1151 3931 1202 3980 said
1218 3934 1244 3979 to
1260 3945 1331 3977 mern
1347 3945 1362 3977 a
1376 3928 1440 3977 brief
1452 3932 1526 3977 atate-

318 4000 361 4046 the
378 3998 418 4045 old
438 4003 623 4045 commentatore
638 3997 698 4043 hare
714 3997 906 4045 misunderstood
939 4002 1007 4045 ment
1024 3996 1052 4044 oi
1066 4013 1113 4059 any
1131 3997 1181 4044 lact
1193 4011 1221 4043 or
1235 3996 1342 4057 opinion.
1376 3994 1459 4043 Cicero
1475 3993 1527 4056 (De

317 4064 346 4111 it.
380 4064 463 4111 Cicero
485 4078 574 4120 means,
594 4062 616 4108 ii
637 4061 740 4109 Habitus
758 4062 827 4109 could
845 4062 906 4109 have
938 4060 1160 4123 Seu.c.20)aaya:
1178 4060 1399 4122 “Solonisquidem
1412 4058 1526 4119 sapientia

319 4128 380 4175 been
408 4127 500 4175 merted
519 4128 566 4174 like
594 4126 715 4183 Sacerdos,
741 4127 784 4174 the
809 4141 905 4174 censore
937 4126 1040 4187 elogium
1051 4124 1415 4187 estquosenegatrcllesuam
1424 4128 1527 4170 mortem

319 4192 397 4240 would
415 4198 458 4239 not
474 4193 533 4239 have
544 4192 607 4238 tired
619 4191 681 4238 their
701 4191 789 4238 ‘nota’
802 4207 833 4239 cn
845 4192 904 4237 him.
937 4190 1019 4237 dolore
1029 4192 1158 4237 amicorum
1170 4196 1195 4237 et
1204 4190 1315 4237 lamentis
1326 4187 1435 4236 vacara.”

318 4256 756 4317 Manutiusexplainsit:‘¹uteadem
767 4256 906 4303 condicione
971 4259 1014 4304 49.
1030 4257 1057 4302 ia
1073 4254 1204 4317 quartam]
1225 4254 1289 4301 ‘For
1305 4252 1403 4309 whom,’
1420 4252 1474 4299 that
1495 4251 1526 4308 ia,

319 4336 367 4383 qua
389 4321 503 4368 Sacerdos
522 4326 637 4375 uteretur,
655 4335 687 4367 nc
705 4321 794 4368 scilicet
811 4320 904 4366 insum
936 4322 962 4365 to
977 4320 1055 4381 phem
1074 4320 1117 4366 the
1135 4317 1395 4366 ‘senatusconsultum'
1412 4332 1461 4363 vvas
1482 4316 1527 4362 ad-

318 4386 370 4432 aine
387 4391 449 4432 teste
465 4386 545 4447 aliquo
560 4382 815 4441 animadverteretur,”
826 4384 905 4431 which
936 4382 1042 4442 dressed,
1053 4399 1080 4431 aa
1095 4384 1149 4431 well
1165 4399 1192 4430 aa
1210 4389 1236 4430 to
1254 4383 1296 4429 the
1312 4382 1408 4429 consuls
1425 4381 1485 4427 then
1499 4381 1528 4428 in

317 4449 392 4497 isthe
400 4450 518 4510 meaning.
936 4449 1013 4496 office.
1045 4448 1099 4495 The
1112 4448 1172 4495 falae
1186 4446 1459 4508 reading‘decrcverit'
1476 4458 1527 4492 was

355 4514 434 4559 Unum
447 4514 520 4560 etiam
534 4512 582 4573 eal]
602 4512 695 4559 Thisia
711 4512 760 4559 said
772 4512 903 4575 ironically,
936 4512 1057 4560 corrected
1068 4512 1101 4574 by
1113 4512 1254 4570 hmbinus,
1266 4511 1314 4558 and
1329 4512 1350 4558 it
1365 4511 1387 4558 is
1402 4510 1446 4557 the
1456 4508 1527 4556 read-

317 4590 344 4624 as
354 4590 454 4638 appears
465 4577 527 4625 hom
538 4576 603 4625 what
615 4576 714 4625 tollore.
732 4576 905 4639 ‘Elegium’a
936 4578 979 4639 ing
994 4577 1023 4626 of
1037 4578 1062 4626 S.
1074 4577 1103 4626 T.
1140 4577 1190 4625 Yet
1201 4575 1363 4625 ‘decreverit'
1377 4574 1427 4623 ah'll
1441 4572 1527 4623 sunda
