3517 5325
709 491 811 557 GAP.
836 494 953 558 6-14.
1365 501 1427 563 145

222 659 361 724 minores
375 665 495 737 essent,
511 667 546 726 et
559 659 698 726 familiae
711 683 776 725 non
789 683 925 747 magnae
944 685 1061 750 magno
1076 671 1163 730 metu
1178 665 1426 747 continerentur,

222 763 259 820 ut
273 779 403 843 perraro
417 757 510 822 lieret
529 765 567 824 ut
584 759 679 823 homo
693 759 901 838 occideretur,
924 761 1019 846 idque
1040 761 1195 826 nefarium
1213 785 1251 828 sc
1268 764 1427 852 singulare

221 855 344 918 lacinus
357 861 534 940 putaretur,
550 856 628 920 nihil
649 878 730 942 opus
748 857 845 922 fuisse
860 857 983 941 judicio
998 859 1038 922 de
1053 858 1083 921 vi
1098 859 1219 923 coactis
1233 861 1427 947 armatisque

221 952 410 1017 hominibus.
456 953 549 1034 Quod
564 954 646 1019 enim
661 976 721 1018 usu
735 976 799 1018 non
814 955 970 1033 veniebat,
995 955 1035 1020 de
1054 977 1092 1019 eo
1115 955 1142 1020 si
1163 955 1234 1041 quis
1248 955 1351 1042 legem
1370 965 1427 1023 aut

217 1050 372 1134 judicium
387 1052 607 1130 constitueret,
618 1074 682 1115 non
697 1058 764 1116 tum
779 1052 947 1138 prohibere
962 1053 1121 1118 videretur
1136 1075 1229 1138 quam
1245 1053 1425 1120 admonere.

266 1151 317 1212 10.
341 1148 405 1213 His
419 1150 616 1236 temporibus
629 1172 727 1236 quum
749 1173 790 1214 ex
809 1149 892 1216 bello
907 1151 1056 1216 diuturno
1070 1159 1170 1237 atque
1185 1151 1359 1217 domestico
1375 1175 1426 1218 res

220 1245 253 1308 in
273 1267 343 1310 eum
362 1247 623 1310 consuetudinem
637 1248 777 1312 venisset
795 1255 833 1312 ut
852 1249 996 1314 homines
1016 1249 1136 1314 minore
1154 1249 1306 1334 religione
1328 1251 1426 1315 armis

220 1351 396 1421 uterentur,
419 1367 549 1409 necesse
562 1345 689 1431 putavit
708 1367 779 1409 esse
798 1352 833 1410 et
852 1345 885 1408 in
905 1346 1083 1411 universam
1102 1346 1253 1410 familiam
1270 1347 1426 1431 judicium

220 1441 296 1506 dare
312 1442 397 1527 quod
410 1463 431 1506 s
444 1442 561 1506 familis
575 1443 697 1507 laetum
712 1442 881 1522 diceretur,
899 1452 933 1509 et
947 1451 1189 1529 recuperatores
1204 1445 1279 1508 dere
1294 1451 1331 1508 ut

264 1542 316 1602 ll.
339 1539 585 1626 quamprimum
599 1561 652 1604 res
670 1539 879 1625 judicaretur,
896 1547 930 1606 et
952 1563 1088 1628 poenam
1107 1541 1286 1628 graviorem
1307 1541 1424 1606 consti-

218 1642 311 1702 tuere
335 1645 374 1701 ut
396 1645 485 1702 metu
508 1639 769 1724 comprimeretur
793 1639 935 1718 semeia,
963 1639 1105 1704 stillam
1129 1639 1284 1704 latebram
1312 1639 1423 1704 tollere

219 1753 373 1797 nnuunu
389 1755 543 1800 rutnans.
588 1736 682 1818 Quod
697 1736 730 1800 iu
743 1737 814 1801 aliis
828 1735 952 1801 caussis
964 1737 1060 1802 debet
1074 1738 1187 1818 valere,
1205 1746 1240 1804 et
1254 1739 1338 1808 velet
1352 1738 1422 1824 lege

219 1830 359 1917 Aquilia,
389 1831 421 1895 id
451 1855 491 1898 ex
519 1833 700 1919 hujusmodi
729 1835 853 1915 damno,
886 1835 968 1921 quod
998 1835 1027 1900 vi
1057 1857 1115 1922 per
1143 1857 1252 1901 servos
1280 1844 1423 1902 annates

219 1927 329 1994 datum
343 1938 430 1996 esset
602 1931 621 1972 ⁸
796 1934 816 1975 ⁴*
1013 1935 1033 1976 ¹
1230 1935 1249 1976 '¹

455 2031 474 2071 s
691 2031 711 2071 s
928 2033 947 2072 ιι
1163 2033 1183 2072 ιι

228 2122 314 2190 ‘lu
359 2129 379 2167 ⁸
466 2129 486 2170 *
580 2126 640 2214 ipsi
655 2134 845 2205 statuerent,
864 2150 928 2214 quo
950 2135 1093 2214 tempore
1117 2135 1248 2215 possent
1271 2151 1329 2195 suo
1349 2129 1422 2214 jure

217 2245 307 2288 arma
319 2246 441 2312 capere,
456 2247 585 2291 menum
599 2248 723 2313 cogere,
735 2227 880 2292 homines
894 2228 1046 2292 occidere.
1092 2227 1195 2308 Quum
1208 2228 1363 2312 judicium
1375 2229 1422 2292 ita

189 2335 194 2342 '
218 2321 310 2387 daret
331 2331 369 2388 ut
390 2324 452 2388 hoc
473 2324 574 2389 solum
596 2324 629 2388 in
648 2323 805 2410 judicium
819 2324 951 2400 veniret,
967 2323 1168 2389 videreturne
1188 2323 1218 2386 vi
1242 2323 1422 2388 hominibus

218 2419 338 2484 coactis
352 2422 523 2486 cunctisne
544 2423 695 2486 damnum
716 2422 789 2485 dolo
812 2422 896 2484 melo
915 2421 1052 2484 familiae
1075 2420 1196 2491 datum,
1220 2441 1322 2504 neque
1345 2419 1422 2482 illud

217 2517 350 2582 adderet
365 2541 517 2598 nuruum,
534 2520 659 2604 putavit
674 2541 708 2583 se
722 2519 888 2583 audaciam
903 2517 1118 2604 improbomm
1133 2517 1308 2597 sustulisse,
1325 2539 1421 2603 quum

216 2635 307 2700 spem
322 2617 515 2682 defensionis
529 2617 648 2681 nullam
662 2616 852 2702 reliquisset.

262 2718 314 2778 13.
338 2714 496 2795 Quoniam
521 2716 605 2799 quod
631 2714 785 2799 judicium
812 2722 846 2778 et
876 2735 939 2797 quo
971 2712 1102 2777 consilio
1136 2713 1345 2778 constitutum
1376 2712 1421 2779 sit

216 2810 390 2896 cognostis,
421 2832 506 2873 nunc
535 2833 603 2875 rem
631 2812 743 2897 ipsam,
777 2818 816 2875 ut
846 2820 940 2896 geste
968 2810 1020 2891 sit,
1055 2810 1129 2875 dum
1163 2810 1301 2875 breviter
1331 2810 1420 2876 vobis

215 2908 401 2972 demonstro
415 2907 593 2971 attendite.¹

261 3007 312 3069 14.
338 3004 489 3069 Fundum
520 3004 618 3070 hebet
651 3004 684 3069 in
716 3027 796 3093 egro
831 3004 974 3071 Thurino
1006 3004 1054 3070 M.
1082 3004 1205 3069 Tullius
1239 3012 1416 3091 paternum,

216 3180 267 3229 sire
273 3178 399 3227 duodecim
407 3178 552 3236 tabularum,
559 3179 609 3228 sive
616 3179 664 3228 slis
671 3194 734 3243 quse
740 3178 800 3238 fuitr
832 3194 902 3239 vsrs,
913 3185 939 3228 to
950 3180 992 3228 the
1002 3180 1073 3228 times
1083 3178 1112 3227 oi
1120 3178 1212 3227 Marius
1223 3178 1270 3226 snd
1283 3178 1356 3227 Sulla.

215 3259 276 3307 ques
292 3244 357 3305 leges
372 3259 439 3291 nnnc
460 3244 548 3293 reterre
571 3258 620 3291 non
639 3250 677 3293 est
694 3259 799 3293 necesse.
865 3246 926 3293 dure
943 3245 1019 3307 quod]
1040 3244 1155 3292 Heinrich
1173 3244 1253 3304 would
1262 3245 1329 3291 write
1346 3244 1417 3293 ‘dere

217 3308 287 3360 Quae
307 3309 346 3357 lex
365 3310 463 3371 Aquilis
478 3309 631 3371 plebiscitum
654 3314 699 3366 est,
724 3324 800 3372 quum
832 3308 941 3373 siqnid,’
953 3310 1000 3357 end
1012 3308 1063 3356 Mai
1074 3322 1188 3371 proposes
1203 3308 1239 3356 ‘si
1250 3309 1313 3371 qnod
1322 3309 1338 3365 ς’
1356 3308 1416 3357 both

216 3387 270 3421 esur
281 3373 393 3436 Aquilius
404 3373 516 3422 tribunus
531 3374 609 3436 plebis
624 3390 640 3423 s
649 3374 800 3437 pleberogs·
833 3374 912 3422 which
933 3374 1071 3422 nlterstious
1093 3388 1134 3421 ere
1159 3374 1226 3436 quite
1249 3388 1416 3437 unnecesssry.

217 3436 305 3485 verit.'’
832 3438 904 3487 Aster
915 3438 1060 3501 ‘judicium'
1073 3438 1115 3486 the
1126 3454 1236 3501 prononn
1247 3438 1268 3485 is
1279 3440 1379 3487 omitted
1390 3445 1416 3487 to

255 3501 326 3558 Quod
341 3504 405 3550 enim
420 3516 467 3551 ura
483 3516 531 3549 nos
543 3502 674 3565 uniebat]
710 3502 802 3551 ‘tht
832 3503 910 3551 which
922 3502 1013 3566 ‘quod’
1025 3503 1111 3561 mrem
1128 3502 1176 3551 and
1186 3503 1236 3551 tbis
1246 3504 1267 3550 is
1277 3518 1292 3551 s
1303 3518 1416 3551 common

215 3580 290 3613 never
303 3566 447 3629 happened’
486 3566 532 3615 See
547 3568 594 3616 Pro
609 3568 799 3616 homnem.
832 3568 895 3616 form
907 3569 935 3615 ol
943 3569 1081 3631 expression
1090 3568 1115 3615 in
1126 3568 1168 3615 tbe
1179 3567 1251 3615 Latin
1262 3568 1387 3629 lengusge.

221 3631 381 3692 lit-‘legem
389 3631 574 3692 sutjndieiumr'
587 3633 644 3680 ‘len’
652 3634 709 3680 isan
718 3638 799 3680 enect-
866 3634 905 3681 ll.
922 3634 1045 3681 Damnum
1057 3632 1170 3695 injuria]
1189 3633 1248 3681 This
1259 3632 1279 3679 is
1290 3632 1416 3694 explained

216 3700 286 3742 ment
304 3696 373 3743 made
389 3696 422 3758 by
438 3697 481 3743 the
500 3696 634 3755 ‘comitis3'
652 3697 798 3758 ‘judicium'
831 3696 864 3759 by
875 3698 918 3745 the
929 3698 1051 3759 following
1062 3698 1173 3745 sections.

216 3773 295 3807 seems
308 3766 334 3807 to
346 3776 416 3808 menn
426 3776 458 3808 sn
468 3762 548 3809 action
558 3762 703 3809 established
713 3762 746 3825 by
756 3762 800 3810 the
867 3763 938 3819 Quod
948 3765 974 3810 ιἰι
985 3762 1052 3825 aliis]
1089 3761 1206 3809 Huschke
1217 3760 1300 3807 thinks
1310 3759 1364 3805 that
1374 3758 1416 3805 tbs

217 3823 355 3872 ‘edictum'
379 3824 506 3873 Tberesre
517 3841 589 3889 many
599 3827 674 3882 ‘lucil
687 3841 799 3873 common
831 3830 884 3874 test
900 3826 987 3873 should
1003 3826 1035 3873 be
1051 3830 1096 3872 ‘nt
1114 3826 1178 3887 quod
1197 3826 1223 3871 in
1242 3822 1312 3878 ultis,'
1323 3822 1416 3881 though

214 3889 295 3949 topica
312 3904 340 3937 or
353 3894 499 3950 flmmeum,
515 3906 543 3938 ss
556 3891 639 3939 Cicero
656 3892 714 3939 calls
730 3892 798 3938 them
830 3890 873 3937 the
885 3894 891 3917 ⁶
901 3890 943 3938 ut'
963 3890 1019 3937 does
1031 3894 1074 3937 not
1089 3904 1177 3951 appesr
1191 3889 1217 3935 in
1234 3888 1277 3934 the
1288 3886 1356 3941 cod„
1368 3884 1416 3932 aud

216 3951 291 4015 (Top.
303 3968 324 4000 e.
335 3952 371 4016 2),
383 3954 460 4001 which
471 3954 555 4003 Cicero
571 3956 615 4003 hss
631 3955 679 4003 and
695 3960 797 4017 reperte,
830 3954 862 4004 be
872 3954 894 4002 ia
905 3954 1022 4017 probsbly
1032 3953 1105 4013 right.

214 4032 243 4065 ss
262 4018 369 4065 mendo
387 4019 442 4066 who
459 4020 527 4067 write
541 4034 569 4067 or
590 4020 664 4082 sperk
680 4020 753 4067 much
771 4020 799 4069 in
863 4020 949 4067 ἀαιιιιιι
960 4018 1032 4079 erret]
1047 4016 1163 4065 Huscblre
1170 4014 1276 4077 supplies
1284 4013 1326 4060 the
1334 4026 1416 4060 mesn-

214 4081 306 4143 public.
331 4082 399 4130 'l'bus
411 4084 457 4131 Pro
466 4084 491 4130 S.
501 4084 589 4131 Roscio
594 4084 718 4140 Amerino,
727 4098 748 4132 c.
758 4086 799 4146 25,
830 4084 873 4147 ing
888 4084 915 4133 ci
928 4082 1023 4131 rubetis
1037 4082 1084 4129 lost
1097 4080 1205 4129 between
1224 4079 1323 4125 ‘datum
1338 4076 1416 4124 essst'

214 4144 249 4193 be
262 4160 330 4209 says:
347 4149 364 4174 ‘⁴
374 4148 499 4210 Sapienter
512 4148 598 4195 lesisse
611 4148 706 4206 dicitur,
722 4165 798 4212 quum
830 4150 879 4197 and
894 4148 954 4210 ‘ipsi
966 4146 1111 4195 statuerent'
1128 4146 1154 4193 in
1164 4144 1206 4191 the
1217 4142 1337 4203 following
1347 4154 1416 4188 man-

215 4210 247 4257 de
257 4226 287 4260 eo
298 4211 359 4259 nibil
369 4213 475 4260 sanxerit
485 4212 550 4274 quod
563 4218 634 4259 entes
644 4216 798 4262 commissum
830 4228 875 4263 ner
882 4216 939 4261 ι-“
947 4213 1027 4260 dotum
1038 4214 1108 4267 esset,
1120 4208 1232 4271 quodque
1239 4207 1294 4267 jure
1302 4220 1416 4268 umquam

214 4289 265 4323 non
276 4279 336 4333 mat,
348 4292 379 4323 na
396 4292 445 4325 non
460 4282 510 4323 tam
525 4276 652 4337 prohibere
670 4294 741 4340 qnam
756 4278 799 4326 sd·
832 4278 883 4325 dsri
894 4292 964 4341 posse
975 4291 1005 4323 ns
1016 4275 1095 4337 putari
1106 4273 1202 4337 quidem
1213 4272 1318 4327 deberet,
1327 4270 1418 4331 judicio

214 4354 315 4388 monere
335 4340 480 4388 videretur.'’
514 4340 545 4388 ln
566 4340 616 4389 this
637 4358 737 4404 pssssgs
757 4343 802 4390 the
832 4342 984 4398 eximeretur,
999 4355 1031 4387 ne
1045 4338 1171 4387 facinorosi
1186 4336 1294 4385 homines
1308 4336 1354 4398 ipsi
1369 4338 1417 4383 ste-

214 4403 276 4452 Cod.
299 4405 413 4453 Ambros.
432 4406 476 4453 bus
499 4404 623 4454 ‘videtur’
646 4408 672 4455 in
689 4408 757 4469 plera
773 4407 802 4453 ol
829 4406 951 4453 tuerent.'’

214 4469 368 4517 ‘videretur'
403 4470 508 4532 Perhaps
519 4472 666 4521 sonemus
677 4470 798 4519 oiabbra·
865 4472 904 4518 12.
920 4468 1078 4531 reliquisset]
1097 4466 1156 4515 Cod.
1170 4464 1351 4529 ‘reunquuset‘

213 4534 304 4581 rinion
315 4534 359 4582 bas
368 4534 431 4581 been
441 4536 542 4585 omitted
553 4536 586 4601 by
596 4537 639 4585 the
649 4536 749 4599 copyist.
866 4537 902 4583 ts.
924 4534 1045 4597 Thur-iso]
1065 4532 1206 4595 ‘Thyrum’
1226 4531 1315 4587 Keller,
1322 4528 1418 4577 secord-

250 4600 289 4647 1⁰.
313 4614 345 4646 ‘²
362 4600 437 4663 Μ10]
468 4600 507 4648 He
528 4602 623 4657 mute
641 4607 668 4654 to
684 4602 727 4653 the
745 4600 800 4652 civil
830 4600 962 4665 ingtotbe
972 4598 1151 4649 cuminum.
1184 4594 1417 4647 Thuriissssnold

260 4682 334 4727 VOL.
359 4684 397 4727 11.
1224 4682 1246 4725 1.
