3517 5325
728 488 829 562 cir.
853 487 948 565 s-r.
1380 495 1443 564 aa
1494 446 1500 457 ’

238 685 311 735 esse
334 660 489 755 quosdam
514 663 599 730 cives
624 660 798 752 immritos,
814 661 872 733 sed
893 685 956 731 non
979 661 1108 731 multos.
1154 664 1344 753 Numquam,
1368 666 1445 732 mihi

240 757 368 844 credite,
396 758 532 851 populus
556 762 720 829 Romanus
742 765 794 830 hic
818 764 873 850 qui
899 764 972 829 silet
995 764 1157 829 consulem
1180 786 1232 829 me
1254 766 1393 845 fecisset,
1417 768 1445 831 si

239 872 346 929 vestro
361 859 499 927 clamore
513 860 736 947 perturbatum
749 860 787 927 iri
801 864 1022 927 arbitraretur.
1061 863 1189 943 Quanto
1200 864 1268 947 jam
1283 864 1381 929 levior
1396 876 1446 931 est

240 961 449 1027 acclamatio!
499 958 581 1038 Quin
607 954 780 1024 continetis
808 978 927 1038 vocem,
959 956 1095 1023 indicem
1123 959 1280 1025 stultitiae
1309 970 1445 1039 vestrae,

240 1068 357 1125 testem
383 1057 773 1144 paucitatis—Libenter,
801 1058 940 1143 iuquam,
966 1057 1143 1137 confiterer,
1168 1058 1195 1123 si
1214 1081 1287 1123 vere
1309 1082 1444 1145 possem,

242 1158 420 1234 autetiam,
436 1156 464 1220 si
479 1154 557 1219 mihi
577 1162 663 1219 esset
685 1156 852 1241 integrum,
877 1156 914 1220 0.
931 1153 1054 1219 Rabirii
1075 1176 1169 1218 manu
1187 1154 1223 1221 L.
1241 1156 1446 1223 Saturninum

242 1278 313 1321 esse
328 1254 477 1332 occisum,
501 1260 535 1317 et
557 1253 590 1316 id
604 1252 726 1317 facinus
741 1253 985 1339 pulcherrimum
1000 1274 1070 1317 esse
1085 1253 1274 1320 arbitrarer:
1299 1256 1356 1321 sed
1371 1278 1447 1341 quo-

243 1355 328 1419 niam
352 1353 384 1417 id
407 1352 514 1417 facere
537 1373 601 1415 non
623 1372 761 1436 possum,
776 1351 952 1416 confitebor
974 1350 1007 1413 id
1030 1352 1115 1435 quod
1136 1352 1177 1415 ad
1198 1352 1323 1417 laudem
1343 1354 1447 1418 minus

243 1453 370 1532 valebit,
395 1454 437 1516 ad
463 1451 582 1516 crimen
608 1472 672 1515 uon
697 1450 810 1515 minus.
856 1450 1021 1515 Confiteor
1046 1450 1257 1516 interficiendi
1284 1452 1447 1518 Saturnini

245 1574 358 1617 caussa
372 1552 409 1616 0.
425 1548 591 1614 Rabirium
604 1570 694 1611 arma
708 1547 839 1633 cepisse.
885 1547 969 1629 Quid
984 1556 1043 1628 eat,
1071 1548 1231 1613 Labiene!
1253 1573 1347 1636 quam
1362 1574 1382 1616 a
1397 1576 1448 1617 me

245 1649 421 1735 graviorem
443 1644 672 1711 confessionem
690 1657 749 1710 aut
763 1646 848 1732 quod
863 1645 895 1709 in
910 1646 994 1711 hunc
1009 1646 1113 1729 majus
1127 1648 1246 1711 crimen
1261 1653 1448 1734 exspectas?

247 1747 317 1811 Nisi
332 1768 406 1811 vero
420 1746 574 1811 interesse
589 1742 707 1829 aliquid
730 1752 823 1829 putas
845 1743 930 1809 iuter
944 1766 1017 1808 eum
1032 1743 1084 1829 qui
1100 1745 1257 1810 hominem
1272 1746 1397 1827 occidit,
1414 1756 1449 1813 et
1466 1818 1471 1828 ,

246 1866 318 1909 eum
333 1843 386 1929 qui
401 1865 473 1907 cum
488 1841 553 1927 telo
567 1840 733 1905 occidendi
747 1840 883 1905 hominis
897 1862 1010 1905 caussa
1024 1841 1094 1907 luit.
1136 1842 1171 1907 Si
1186 1842 1321 1909 interfici
1338 1846 1448 1910 Satur-

246 1944 356 2007 ninum
369 1942 457 2005 nelas
471 1939 541 2016 fuit,
556 1960 646 2002 arma
659 1945 788 2024 sumpta
808 1961 878 2003 csse
901 1945 1012 2003 contra
1028 1938 1235 2005 Saturninum
1249 1942 1317 2007 sine
1332 1944 1449 2008 scelere

246 2062 311 2103 non
325 2045 478 2125 possunt:
503 2038 531 2101 si
553 2058 641 2101 arma
660 2037 732 2123 jure
754 2044 882 2123 sumpta
904 2036 1061 2117 concedis,
1086 2036 1279 2123 intersectum
1289 2040 1364 2125 jara
1381 2062 1450 2106 corr·

248 2138 337 2203 codas
349 2158 459 2202 aecem
471 2144 522 2201 cat.

466 2270 525 2353 (Ia
538 2270 734 2335 manissime
747 2268 915 2356 temptari
929 2270 1006 2333 deest
1020 2291 1084 2335 aaa
1099 2272 1232 2353 charta.)

293 2394 376 2459 VII.
402 2392 459 2457 Fit
480 2388 789 2457 senatusconsultum
811 2398 848 2455 ut
869 2391 905 2457 O.
927 2392 1052 2455 Marius
1077 2391 1113 2455 L.
1131 2392 1280 2458 Valerius
1305 2396 1450 2462 consules

249 2493 437 2559 adhiberent
452 2490 597 2554 tribunos
618 2489 660 2575 pl.
677 2498 711 2553 et
725 2495 889 2574 praetores
903 2510 983 2573 quos
1005 2489 1051 2553 eis
1066 2490 1235 2569 videretur,
1260 2514 1451 2579 operamque

250 2594 364 2657 darent
377 2596 415 2654 ut
429 2587 595 2674 imperium
611 2587 717 2673 populi
730 2586 864 2649 Romani
879 2587 1092 2674 majestasque
1108 2599 1358 2656 conservaretur.
1382 2593 1451 2656 Ad-

249 2690 363 2755 hibent
385 2709 494 2752 omnes
517 2686 664 2751 tribunos
689 2685 730 2769 pl.
754 2691 882 2769 praeter
907 2685 1121 2764 Saturninum,
1143 2695 1305 2772 praetores
1326 2698 1452 2775 praeter

251 2787 436 2852 Glauciam:
454 2783 508 2870 qui
523 2806 589 2847 rem
601 2782 760 2868 publicam
775 2781 897 2846 salvam
912 2803 981 2845 esse
996 2782 1121 2861 vellent,
1137 2807 1225 2848 arma
1240 2807 1352 2872 capere
1368 2796 1402 2853 et
1417 2811 1451 2853 se

250 2885 339 2972 sequi
350 2885 475 2970 jubent.
514 2882 635 2946 Parent
650 2902 769 2945 omnes.
812 2879 865 2942 Ex
880 2879 1011 2944 aedibus
1026 2882 1125 2945 sacris
1138 2885 1452 2972 armamentariisque

251 2975 385 3070 publicis
399 3003 488 3045 amia
501 2978 618 3066 populo
634 2978 789 3056 Romano,
806 2977 842 3041 0.
861 2976 966 3040 Mario
989 2979 1115 3044 consule
1138 2981 1355 3060 distribuente,
1377 2985 1452 3048 dan-

250 3088 314 3146 tur.
361 3079 425 3144 Hic
447 3079 524 3163 jam,
549 3084 587 3141 ut
611 3077 757 3140 omittam
783 3082 900 3150 cetera,
926 3075 965 3138 de
987 3075 1118 3162 teipso,
1141 3078 1289 3158 Labiene,
1315 3103 1449 3166 quaero:

252 3201 348 3264 quum
364 3176 554 3241 Saturninus
566 3174 758 3259 Capitolium
773 3179 899 3237 teneret
913 3182 1062 3252 armatus,
1079 3185 1165 3240 esset
1180 3199 1242 3241 una
1255 3177 1291 3243 Ο.
1308 3178 1451 3258 Glaucia,

253 3275 464 3351 assuerus,
489 3275 586 3339 etiam
608 3273 659 3337 ille
681 3295 721 3336 ex
743 3273 948 3358 compedibus
970 3280 1067 3360 atque
1089 3276 1249 3361 ergastulo
1266 3276 1450 3350 Gracchus;

252 3375 377 3452 addam,
394 3372 543 3459 quoniam
563 3371 610 3436 ita
631 3371 688 3448 vis,
711 3370 823 3434 eodem
847 3371 887 3452 Q.
906 3369 1089 3450 Labienum,
1112 3381 1261 3459 patruum
1283 3382 1395 3453 tuum;
1420 3375 1454 3440 in

253 3473 322 3536 l'oro
338 3480 445 3537 autem
468 3470 502 3535 O.
525 3469 650 3534 Marius
672 3476 706 3533 et
723 3468 760 3531 L.
777 3468 928 3532 Valerius
945 3467 1079 3535 Flaccus
1102 3473 1256 3550 consules,
1273 3462 1454 3560 postcunc·

253 3578 307 3639 tus
322 3579 461 3648 senatus,
478 3577 576 3654 atque
590 3568 642 3631 ille
657 3575 798 3643 senatus,
823 3589 917 3652 quem
937 3569 1032 3632 etiam
1048 3592 1104 3634 vos
1120 3571 1188 3657 ipsi,
1205 3572 1258 3656 qui
1274 3573 1333 3637 hos
1347 3581 1455 3658 patres

231 3729 235 3738 ,
254 3667 451 3751 conscriptos
465 3666 519 3750 qui
538 3687 622 3728 nunc
639 3671 713 3728 sunt
737 3664 769 3726 in
791 3664 944 3728 invidiam
959 3667 1088 3742 voeatis,
1111 3690 1173 3752 quo
1195 3669 1316 3734 facilius
1338 3671 1377 3734 de
1396 3673 1455 3736 boc

293 3853 357 3908 Quia
379 3848 520 3910 contimtr]
538 3848 592 3896 'l'bc
618 3861 718 3909 passage
740 3847 761 3894 is
782 3847 840 3895 thus
872 3847 1030 3901 cedtrs'nterr
1049 3850 1358 3912 supplementumprimam
1375 3851 1455 3901 insani

255 3915 345 3979 quoted
363 3914 395 3976 by
413 3914 561 3965 Quintilian:
579 3915 595 3939 ⁴⁴
604 3911 670 3963 Quin
688 3912 840 3973 compescitis
871 3911 1084 3960 inManutianaa.
1100 3914 1187 3962 lbtl.”
1223 3915 1304 3964 Halm.

254 3996 336 4029 vocem
348 3980 427 4034 istam,
438 3978 540 4024 indicem
552 3977 674 4032 antam
682 3981 769 4023 testem
780 3991 839 4038 psa-
905 3977 928 4032 7.
945 3977 1045 4025 aedibus
1054 3979 1144 4040 roera]
1163 3979 1216 4025 'l'he
1227 3980 1324 4041 reading
1334 3981 1355 4028 is
1365 3981 1453 4031 doubt-

255 4043 358 4095 citatis’'
381 4043 455 4104 (lust.
477 4043 510 4090 xi.
533 4040 569 4103 3).
610 4039 707 4092 'Qun'
730 4055 758 4088 so
779 4039 838 4088 used
870 4041 915 4088 tul.
957 4041 1031 4088 Halm
1050 4042 1094 4090 has
1111 4043 1455 4094 ‘aedificiis.’-‘Gracchuaz’

254 4111 377 4160 markam
389 4107 690 4168 interrogarircrentenca;
707 4105 751 4152 but
762 4104 839 4152 ithsd
870 4105 920 4152 this
939 4105 969 4153 L.
988 4107 1099 4170 Equitius
1119 4108 1240 4156 Gracchus
1258 4125 1307 4157 was
1323 4111 1408 4171 passed
1422 4111 1459 4158 off

254 4177 303 4224 lost
318 4177 351 4222 its
368 4173 468 4234 original
485 4171 642 4234 signification
660 4169 688 4216 ot
697 4169 765 4232 ‘why
776 4168 837 4226 not,'
870 4171 1023 4218 torasonot
1031 4171 1068 4219 n.
1081 4173 1210 4230 Gracchus,
1223 4174 1316 4236 though
1332 4174 1362 4222 he
1373 4175 1393 4222 is
1405 4175 1456 4224 said

255 4240 357 4288 andths
375 4238 547 4297 interrogation
565 4234 781 4297 maybaomitted.
815 4235 841 4282 It
872 4241 899 4283 to
914 4235 975 4283 have
998 4235 1091 4284 besua
1115 4237 1186 4285 slavo.
1222 4239 1260 4286 lla
1279 4255 1327 4286 was
1345 4239 1456 4288 hibuuus

254 4306 276 4354 is
298 4321 357 4352 even
373 4303 432 4350 used
452 4303 510 4348 with
531 4316 563 4348 an
581 4299 729 4361 imperativa,
750 4299 839 4355 'Quin
874 4299 1122 4362 designatuslorrsm.
1134 4305 1173 4360 99,
1186 4303 1254 4350 when
1266 4305 1297 4352 hc
1311 4319 1359 4352 was
1374 4305 1455 4352 killed.

256 4368 343 4431 rnrge,'
362 4369 462 4423 ‘Coma
481 4371 522 4428 get
538 4363 700 4428 upz'instead
716 4363 744 4411 ol
758 4363 841 4417 ‘Quin
874 4365 915 4412 He
938 4365 959 4412 is
980 4367 1050 4428 again
1075 4368 1214 4416 mentioned
1238 4368 1270 4432 by
1294 4369 1386 4428 Cicero,
1410 4369 1456 4418 Pro

255 4434 363 4496 mugist'
376 4438 382 4460 ⁸
393 4433 477 4489 Come,
488 4431 544 4494 why
554 4429 624 4477 don’t
633 4444 682 4490 you
692 4429 738 4476 riae
746 4427 768 4476 ?'
874 4429 960 4490 Sestio,
972 4447 993 4480 c.
1005 4431 1045 4487 47.

289 4498 454 4560 intersertas»,
471 4496 529 4559 aa]
548 4493 650 4543 “Codd.
669 4507 767 4542 mcc:
784 4507 841 4541 coa·
