3517 5325
668 945 716 1008 M.
740 943 904 1008 TULLII
935 941 1185 1019 CICERONIS

905 1138 950 1180 DE

584 1292 801 1408 LEGE
867 1291 1266 1408 AGRARIA

1374 1487 1382 1496 ι

874 1509 981 1546 coum

496 1655 536 1724 Ρ.
573 1652 868 1726 SERVILIUM
904 1649 1141 1735 RULLUM,
1174 1650 1251 1722 un.
1288 1650 1363 1722 Pu.

709 1847 1147 1950 onanrosnounnn,

807 2023 854 2071 AD
877 2023 1053 2072 POPULUM.

374 2187 402 2252 Ι.
425 2185 490 2253 Est
517 2187 578 2252 hoo
606 2185 640 2250 in
664 2208 752 2252 more
776 2186 928 2273 positum,
952 2187 1105 2270 Quirites,
1128 2185 1341 2273 institutoque
1364 2187 1533 2273 majorum,

328 2293 367 2353 ut
392 2287 414 2352 ii
437 2285 491 2374 qui
516 2285 669 2352 beneficio
684 2291 791 2350 vestro
818 2285 975 2372 imagines
997 2284 1133 2350 familiae
1157 2307 1234 2350 snae
1256 2285 1420 2350 consecuti
1445 2294 1533 2365 sunt,

328 2408 400 2450 eam
413 2385 547 2472 primam
569 2384 710 2449 habeant
733 2383 916 2448 contionem
937 2405 1000 2469 qua
1022 2383 1161 2470 gratiam
1183 2383 1328 2448 beneficii
1343 2383 1441 2448 vestri
1460 2406 1536 2448 oum

328 2506 458 2548 auorum
481 2483 574 2549 laude
600 2484 807 2570 conjungant.
869 2482 940 2563 Qua
966 2483 999 2547 in
1024 2483 1168 2547 oratione
1196 2481 1337 2546 nonnulli
1364 2482 1534 2569 aliquando

329 2583 418 2671 digni
440 2583 596 2669 majorum
617 2583 687 2648 loco
703 2583 922 2669 reperiuntnr;
947 2581 1088 2669 plerique
1102 2588 1212 2646 autem
1231 2581 1293 2646 hoo
1312 2581 1483 2668 perficiunt
1497 2587 1535 2643 ut

329 2689 456 2747 tantum
480 2681 655 2767 majoribus
677 2703 785 2746 eorum
809 2682 951 2745 debitum
974 2703 1045 2745 esse
1059 2680 1206 2745 videatur
1227 2680 1312 2745 unde
1332 2680 1432 2745 etiam
1448 2679 1535 2765 quod

329 2780 467 2865 posteris
492 2782 668 2845 solveretur
692 2780 898 2845 redundaret.
943 2778 1028 2842 Mihi
1052 2778 1180 2864 quidem
1202 2778 1287 2864 apud
1311 2800 1369 2843 vos
1392 2779 1432 2841 de
1454 2777 1536 2841 meis

330 2880 504 2965 majoribus
527 2879 652 2944 dioendi
675 2876 813 2946 facultas
836 2902 900 2943 non
924 2878 1040 2952 datnr;
1065 2901 1130 2943 non
1144 2900 1208 2964 quo
1226 2900 1290 2941 non
1309 2877 1392 2941 talea
1405 2875 1534 2955 inerint,
1574 2927 1579 2936 .

330 2979 440 3063 quales
454 3000 513 3042 nos
528 2978 653 3041 illorum
667 2978 821 3063 sanguine
836 2984 963 3041 creatos
978 2975 1213 3062 disciplinisque
1227 2974 1394 3040 institutos
1407 2974 1534 3051 videtis,

330 3076 387 3141 sed
410 3076 494 3161 quod
515 3074 608 3139 laude
630 3074 774 3160 populari
796 3081 894 3160 atque
916 3074 1045 3138 honoris
1058 3074 1155 3139 vestri
1170 3073 1241 3137 luae
1257 3078 1438 3137 caruerunt.
1483 3072 1537 3136 De

330 3196 381 3238 me
403 3174 472 3259 ipso
494 3180 603 3237 autem
617 3194 726 3236 vereor
747 3194 787 3235 ne
805 3173 988 3259 arrogantis
1013 3172 1057 3237 sit
1084 3172 1170 3257 apud
1195 3194 1252 3236 vos
1275 3171 1390 3249 dicere,
1417 3170 1537 3256 ingrati

330 3280 449 3337 tacere.
495 3270 580 3333 Nam
602 3278 636 3334 et·
661 3269 776 3355 quihus
798 3271 915 3336 studiis
939 3272 1023 3335 hano
1047 3270 1237 3357 dignitatem
1263 3277 1456 3336 consecutus
1476 3270 1537 3333 sim

331 3368 555 3452 memetipsum
577 3388 822 3433 commemorare
846 3392 999 3456 perquam
1020 3392 1117 3455 grave
1132 3376 1191 3446 est,
1215 3376 1250 3434 et
1272 3370 1364 3433 silere
1379 3370 1420 3432 de
1434 3368 1537 3433 tantis

331 3466 447 3530 vestris
463 3464 624 3529 beneficiis
637 3464 722 3529 nullo
738 3468 831 3531 modo
847 3490 987 3554 possum.
1014 3470 1121 3550 Quare
1131 3468 1335 3532 adhibebitur
1347 3489 1368 3531 a
1382 3489 1433 3531 me
1448 3472 1537 3530 certa

331 3562 415 3628 ratio
444 3562 682 3648 moderatioque
711 3564 843 3645 dicendi,
869 3568 1007 3653 utquid
1035 3588 1055 3630 a
1080 3566 1170 3631 vohis
1197 3565 1376 3652 acceperim
1400 3585 1536 3629 nomme-

369 3738 391 3785 l.
408 3734 536 3797 imayr'rreo]
560 3735 606 3783 See
622 3734 678 3783 Vol.
693 3735 715 3783 I.
731 3736 801 3785 Verr.
817 3736 842 3785 ii.
857 3741 880 3787 t.
896 3755 918 3787 o.
951 3739 1005 3787 that
1020 3738 1040 3786 it
1057 3738 1197 3796 orertiom
1214 3738 1257 3785 tho
1273 3736 1405 3800 receptaole
1421 3735 1536 3785 irrosull

335 3804 416 3851 ll.-‘
425 3800 838 3850 tantum-debitum-rednndaret
845 3803 860 3850 ι’
877 3804 920 3851 the
951 3804 1005 3851 that
1015 3804 1035 3851 it
1046 3819 1103 3851 runa
1114 3818 1171 3851 over
1182 3802 1328 3867 (redundet).
1364 3802 1404 3849 He
1418 3816 1473 3849 urea
1485 3808 1535 3848 ‘ro-

333 3867 392 3915 debt
410 3866 439 3914 oi
456 3866 498 3914 the
517 3866 604 3928 people
623 3871 649 3913 to
661 3867 702 3915 tho
712 3874 833 3915 anoestora
853 3868 874 3915 io
891 3883 919 3916 ro
951 3868 1074 3915 dundnre'
1087 3869 1113 3915 in
1124 3865 1392 3930 anotherparragefflo
1400 3866 1510 3922 Oratore,
1518 3866 1535 3913 i.

333 3938 400 3994 great
422 3932 476 3978 that
497 3932 633 3993 something
647 3931 697 3979 rull
718 3933 820 3979 remainr
841 3936 867 3979 to
888 3932 920 3980 ho
951 3935 978 3997 6)
999 3933 1047 3980 and
1057 3933 1115 3980 with
1129 3933 1231 3980 another
1247 3932 1390 3994 metaphor:
1413 3930 1535 3979 “Etenim

332 3998 388 4060 pald
399 4002 426 4044 to
437 3996 499 4043 their
511 3996 641 4058 posterity3
659 4003 684 4043 to
700 3995 731 4043 be
747 3997 803 4058 poid
819 4002 845 4045 to
856 3998 920 4044 their
951 4013 981 4045 ex
992 4012 1073 4045 rerum
1084 3998 1220 4059 oognitione
1235 3998 1368 4045 effloresoat
1382 4001 1408 4045 et
1419 3995 1536 4043 redundet

333 4062 457 4125 posterity,
468 4067 512 4107 not
529 4060 567 4107 lor
584 4061 647 4108 their
661 4076 715 4107 own
729 4062 820 4117 merita,
831 4062 876 4109 but
893 4076 919 4109 aa
951 4068 1047 4124 oportet
1063 4063 1139 4110 oratio
1149 4062 1174 4119 ;”
1194 4063 1287 4109 flowers
1302 4061 1348 4109 and
1370 4066 1445 4107 water
1468 4075 1534 4107 orer·

333 4124 848 4189 partoithedebtdnetotheprogenitorr.
867 4126 920 4173 The
951 4128 1049 4188 flowing
1070 4127 1150 4174 mixed
1173 4127 1290 4187 together.
1325 4126 1356 4173 ln
1377 4126 1420 4173 the
1439 4126 1492 4172 lirrt
1511 4122 1538 4170 ol

334 4188 524 4238 ‘novushomo’
539 4194 627 4237 oannot
644 4190 731 4237 relrnin
744 4191 804 4237 lrorn
821 4190 921 4252 making
952 4192 1021 4239 those
1038 4192 1107 4239 three
1126 4192 1231 4238 orations
1250 4192 1300 4254 (Do
1320 4191 1378 4252 laeg.
1390 4191 1449 4252 Agr.
1465 4190 1482 4236 i.
1500 4188 1534 4251 8),

332 4255 452 4303 aremark
460 4270 492 4301 on
500 4254 722 4302 thounworthineso
730 4255 758 4302 oi
763 4270 835 4316 many
846 4256 921 4302 ostho
953 4256 1053 4305 therela
1065 4261 1165 4317 “quum
1182 4272 1228 4303 vor
1247 4262 1273 4302 et
1288 4256 1416 4303 auctor-itas
1432 4252 1535 4301 oonsulis

333 4318 459 4376 mobiles:
482 4333 515 4365 ou
536 4320 615 4366 whom
637 4318 679 4365 tho
702 4320 835 4367 ‘honores'
858 4334 920 4367 nero
950 4328 1050 4383 repente
1060 4322 1086 4368 in
1097 4321 1171 4368 tantis
1181 4320 1288 4368 tenebris
1299 4318 1436 4376 illuxerit;''
1447 4318 1536 4365 aroioe

333 4384 456 4432 oouierred
472 4384 575 4431 without
591 4398 637 4445 any
656 4384 727 4431 merit
737 4384 766 4433 ol
784 4384 847 4433 their
865 4400 920 4432 οιιιι
951 4386 1049 4448 rhining
1066 4387 1092 4433 in
1108 4386 1151 4432 the
1167 4386 1241 4432 midrt
1258 4385 1286 4433 of
1302 4384 1467 4432 domnae—⁶
1474 4382 1536 4429 Mihi

334 4448 401 4512 (Vol.
415 4449 435 4496 1.
447 4449 514 4496 Verr.
527 4449 552 4496 ii.
564 4452 586 4497 5.
599 4465 620 4497 o.
632 4448 684 4511 70).
952 4450 1069 4513 quidemr'
1087 4450 1166 4507 ‘mihi
1176 4448 1300 4508 onnus:
1311 4449 1401 4498 Baiter.
1419 4444 1537 4509 ‘unies

368 4514 440 4560 latin
449 4514 586 4575 metaphora
597 4528 637 4560 are
648 4514 784 4561 sometimes
795 4514 918 4562 oonhmod.
952 4516 980 4564 P.
1014 4514 1157 4579 ‘Mihique'
1169 4515 1199 4562 E.
1212 4514 1240 4563 F.

335 4576 424 4625 Inone
442 4583 554 4626 rentenoe
571 4592 608 4625 we
626 4577 687 4626 hare
705 4593 721 4626 ι
736 4578 795 4627 debt
811 4593 837 4627 ro
854 4580 919 4641 large
