3517 5325
599 502 822 567 AMERINO
845 503 948 569 OAP.
971 503 1110 572 45-47.

252 673 371 736 tiorum
385 671 537 736 omnium.
582 671 658 756 Ipse
679 693 754 737 vero
780 673 1042 758 quemadmodum
1067 674 1244 759 composito
1266 681 1300 739 et
1315 674 1397 739 delib

253 770 366 854 capillo
380 769 499 854 passim
523 791 579 855 per
603 771 707 834 forum
729 771 843 834 volitet
868 793 941 834 cum
967 793 1083 855 magna
1108 779 1237 836 caterva
1261 779 1453 857 togatorum,

252 867 376 945 videtis,
400 866 534 949 judices.
580 866 689 931 Etiam
715 867 830 932 videtis
855 875 893 931 ut
919 890 1028 931 omnes
1054 869 1218 954 despiciat,
1235 876 1273 933 ut
1294 870 1452 933 hominem

250 987 328 1050 prae
341 987 377 1028 se
390 964 549 1028 neminem
563 972 664 1045 putet,
680 972 717 1029 ut
731 987 766 1028 se
781 965 883 1028 solum
898 965 1036 1040 beatum,
1054 967 1154 1028 solum
1169 973 1333 1050 potentem
1348 975 1452 1052 putet.

254 1063 343 1142 Quae
357 1083 432 1124 vero
447 1061 564 1124 efficiat
578 1068 613 1124 et
627 1083 708 1145 quse
729 1067 872 1137 conetur,
897 1061 925 1124 si
948 1061 1041 1126 velim
1062 1083 1316 1142 commemorare,
1333 1087 1452 1141 vereor,

248 1158 384 1242 judices,
410 1180 451 1222 ne
476 1157 547 1242 quis
571 1157 748 1242 imperitior
773 1159 937 1222 existimet
958 1180 1009 1222 me
1024 1181 1169 1223 caussam
1192 1161 1368 1226 nobilitatis
1390 1161 1454 1226 vio-

252 1256 429 1339 toriamque
454 1255 590 1318 voluisse
614 1255 761 1330 laedere3
786 1255 916 1319 tametsi
939 1277 1010 1319 meo
1030 1257 1102 1340 jure
1125 1279 1263 1342 possum,
1290 1259 1317 1322 si
1332 1259 1407 1343 quid
1422 1259 1455 1321 in

251 1354 313 1419 bac
328 1360 420 1437 parte
434 1352 511 1414 mihi
525 1373 588 1414 non
609 1351 743 1436 placeat,
768 1352 955 1437 vituperare.
1002 1351 1075 1417 Non
1097 1354 1181 1417 enim
1203 1377 1314 1418 vereor
1328 1378 1368 1420 ne
1383 1355 1453 1441 quis

253 1451 391 1515 alienum
418 1471 470 1513 me
497 1449 640 1512 animum
675 1448 827 1513 habuisse
862 1471 883 1512 a
920 1471 1033 1514 caussa
1068 1451 1246 1516 nobilitatis
1281 1452 1452 1519 existimet.

253 1547 406 1611 XLVII.
429 1546 543 1610 Sciunt
567 1545 590 1609 ii
615 1545 669 1632 qui
695 1568 746 1610 me
771 1554 890 1610 norunt
915 1568 965 1610 me
991 1569 1048 1632 pro
1069 1547 1122 1612 illa
1151 1549 1240 1612 tenui
1266 1549 1452 1636 infirmaque

191 1726 196 1734 ι
252 1653 353 1731 parte
369 1644 632 1730 posteaquamid
653 1644 738 1728 quod
752 1644 889 1707 maxime
911 1644 1004 1722 volui,
1028 1645 1096 1708 lieri
1111 1668 1173 1710 nou
1196 1648 1302 1732 potuit
1316 1655 1353 1712 ut
1368 1669 1453 1712 oom-

252 1751 431 1828 poneretur,
447 1742 480 1805 id
494 1741 631 1805 maxime
645 1741 830 1819 defendisse,
847 1749 885 1806 ut
899 1741 921 1804 ii
936 1741 1099 1808 vincerent
1110 1745 1163 1830 qui
1179 1746 1334 1811 vicerunt.
1373 1745 1453 1827 Quis

254 1840 339 1903 enim
363 1847 432 1904 erat
457 1840 511 1925 qui
531 1861 596 1902 non
611 1839 732 1904 videret
753 1838 965 1904 humilitatem
981 1861 1053 1904 cum
1079 1842 1235 1927 dignitate
1251 1844 1290 1907 de
1304 1843 1454 1930 amplitu-

253 1938 326 2002 dine
339 1939 548 2003 eontenderel
570 1958 631 2022 quo
646 1938 679 2000 in
693 1937 865 2001 certamine
880 1939 996 2022 perditi
1018 1939 1095 2004 civis
1117 1949 1195 2018 erat,
1213 1963 1276 2004 ιιοιι
1291 1963 1325 2006 se
1340 1943 1382 2006 ad
1397 1963 1453 2005 eos

249 2036 385 2120 jungere
409 2036 524 2120 quibus
546 2034 755 2099 incolumibus
780 2043 815 2100 et
842 2036 927 2100 domi
952 2035 1091 2121 dignitas
1113 2045 1147 2102 ot
1176 2039 1252 2102 loris
1277 2039 1452 2104 auctoritas

252 2134 452 2198 retineretur.
496 2134 586 2214 Quae
606 2133 748 2218 perfectu
767 2154 837 2196 esse
855 2140 891 2198 et
910 2155 1001 2198 suum
1021 2135 1133 2219 cuique
1156 2136 1307 2201 honorem
1329 2145 1363 2202 et
1383 2159 1453 2221 gra·

253 2231 328 2294 dum
341 2232 501 2296 redditum
514 2231 648 2317 gaudeo,
661 2230 794 2314 judices,
811 2231 1075 2316 vehementerque
1089 2233 1208 2296 laetor:
1233 2255 1333 2318 eaque
1349 2235 1454 2298 omnia

254 2328 396 2392 Deorum
414 2329 588 2408 voluntate,
613 2328 720 2392 studio
743 2327 850 2412 populi
874 2327 1019 2406 Romani,
1046 2329 1177 2392 consilio
1206 2337 1239 2393 θι
1268 2331 1398 2414 imperio
1420 2337 1454 2394 et

251 2425 403 2491 felicitate
420 2425 458 2488 L.
475 2425 582 2489 Sullae
605 2432 698 2509 gesta
723 2444 793 2486 esse
819 2422 972 2508 intelligo.
1019 2425 1111 2504 Quod
1137 2425 1389 2490 animadversum
1403 2435 1453 2490 est

251 2522 286 2586 in
299 2545 355 2587 θοι
369 2524 424 2609 qui
439 2530 551 2587 contra
565 2521 650 2585 omni
661 2519 784 2584 ratione
798 2527 990 2604 pugnarunt
1007 2541 1071 2583 ιιοιι
1086 2520 1186 2585 debeo
1201 2523 1450 2607 reprehendere;

251 2620 337 2704 quod
347 2620 423 2684 viris
436 2619 582 2697 fortibus,
598 2639 733 2704 quorum
747 2637 845 2701 opera
859 2616 976 2681 eximia
989 2615 1022 2679 iu
1047 2620 1142 2682 rebus
1153 2620 1301 2705 gerendis
1316 2621 1450 2686 exstitit.

251 2718 353 2781 bonos
367 2716 496 2780 habitus
517 2723 577 2794 est,
601 2715 708 2779 laudo.
752 2715 843 2794 Quae
865 2720 903 2776 ut
924 2714 1038 2777 fierent
1059 2714 1178 2779 idcirco
1193 2726 1369 2803 pugnatum
1384 2740 1453 2783 esse

250 2815 399 2889 arbitror,
415 2833 528 2896 meque
541 2812 574 2874 in
588 2833 628 2875 θο
651 2811 759 2875 studio
782 2809 922 2894 partium
947 2808 1046 2873 luisse
1066 2814 1229 2879 confiteor.
1275 2816 1331 2879 Sin
1346 2822 1453 2879 autem

250 2910 285 2973 id
310 2916 420 2973 actum
442 2916 493 2972 est
515 2916 550 2972 et
572 2908 690 2971 idcirco
716 2928 806 2971 arma
834 2913 962 2990 sumpto
984 2916 1061 2971 suut
1085 2916 1122 2974 ut
1144 2910 1286 2976 homines
1301 2913 1454 2998 postremi

250 3007 395 3093 pecumis
408 3005 520 3069 alienis
540 3005 809 3091 locupletarentur
830 3010 865 3067 et
886 3002 920 3065 in
941 3003 1085 3069 fortunas
1110 3008 1204 3072 unius
1230 3011 1382 3096 cujusque
1398 3010 1454 3073 iru-

250 3113 362 3191 petum
376 3105 527 3182 lacerent,
544 3111 579 3167 et
592 3103 625 3166 id
640 3124 704 3166 non
718 3101 813 3165 modo
828 3122 863 3164 re
885 3100 1053 3183 prohibere
1075 3124 1139 3167 non
1160 3104 1242 3185 licet,
1259 3109 1316 3171 sed
1332 3130 1371 3171 ne
1386 3130 1454 3171 ver-

251 3204 301 3268 bis
315 3202 443 3287 quidem
457 3202 643 3286 vituperare,
660 3212 731 3264 tum
749 3219 824 3263 uero
846 3196 880 3259 in
900 3198 963 3261 isto
986 3198 1068 3263 bello
1090 3222 1154 3265 non
1175 3212 1338 3269 recreatus
1353 3226 1455 3290 neque

251 3300 430 3378 restitutus,
447 3299 503 3365 sed
518 3299 671 3362 subactum
692 3316 923 3381 oppressusque
946 3296 1081 3381 populus
1103 3297 1267 3365 Romanus
1281 3309 1342 3367 est.
1388 3302 1455 3366 Ve-

251 3418 321 3459 rum
342 3396 435 3480 louge
448 3396 543 3460 aliter
563 3403 624 3459 est.
669 3393 757 3457 Nihil
780 3392 895 3456 horum
917 3399 978 3471 est,
1003 3394 1139 3476 judices.
1185 3398 1258 3463 Non
1282 3400 1376 3465 modo
1390 3422 1455 3464 non

250 3493 395 3558 laedetur
408 3514 521 3557 mussa
532 3492 719 3567 nobilitatis,
731 3490 759 3554 si
773 3489 846 3555 istis
860 3489 1041 3555 homiuibus
1056 3493 1221 3574 resistetis,
1235 3518 1343 3563 verum
1357 3499 1455 3565 etiam

283 3675 369 3723 suam
388 3676 476 3723 uidetis
496 3676 537 3736 ul]
572 3674 648 3723 Orelli
669 3674 713 3722 ιιι
735 3674 835 3722 ‘Etiam
866 3672 933 3720 ceals
953 3688 1035 3722 means
1054 3677 1132 3725 would
1154 3681 1259 3740 percult!
1294 3682 1367 3729 ‘Ille'
1388 3682 1455 3730 isso

251 3738 336 3786 ridelis
350 3740 442 3800 judices
452 3740 497 3786 ιιι]
531 3738 586 3786 One
596 3740 675 3786 would
691 3739 721 3785 be
737 3738 791 3800 glad
808 3745 835 3785 to
867 3737 935 3784 used.

251 3802 368 3850 baridos
374 3804 423 3851 this
433 3803 729 3851 seooud‘stismvidetis.'
764 3802 838 3850 Klotz
904 3802 1149 3866 somnespoursns]
1175 3807 1300 3855 Manutius
1312 3808 1456 3857 citesslilro

251 3866 295 3913 hes
312 3868 420 3925 ‘videtisy
429 3868 528 3928 iudices,
543 3872 569 3915 et
587 3882 663 3915 unum
683 3868 768 3914 ridetis
783 3866 836 3922 ut;’
870 3865 1017 3924 expression
1027 3866 1057 3926 by
1074 3867 1110 3914 M.
1130 3869 1220 3917 Brutus
1236 3874 1261 3918 in
1278 3872 1315 3918 his
1332 3873 1414 3917 letters
1430 3875 1457 3917 to

250 3930 297 3977 but
306 3931 337 3977 bo
348 3932 405 3979 does
416 3937 460 3979 not
470 3932 513 3978 tell
523 3946 552 3979 us
563 3932 642 3979 where
652 3932 684 3978 he
694 3937 748 3993 gots
762 3943 836 3991 many
869 3928 967 3983 Cicero3
987 3928 1032 3974 but
1048 3929 1116 3977 those
1126 3932 1209 3981 letters
1220 3950 1260 3981 ere
1276 3950 1307 3981 no
1325 3936 1456 3995 authority.

251 3994 325 4041 olbis
335 3997 398 4072 good
407 3996 489 4057 things
500 3996 570 4042 trouu
694 4058 708 4070 ..
828 4074 835 4087 Ι
870 3992 896 4039 It
907 3996 971 4077 mpst
978 3992 1092 4103 pqvever
1103 4002 1191 4107 mqseqt‘
1199 3998 1241 4045 tho
1251 4000 1335 4108 loqut
1346 4014 1373 4110 op
1383 4006 1457 4109 porpt

250 4060 420 4171 sudni'oerjeiieis]
425 4058 718 4185 Adselinliilllsslilir-ll
730 4060 754 4105 δ’
772 4074 793 4105 θ’
808 4060 836 4115 ι’
869 4070 952 4166 εξιῒθ
964 4118 989 4165 ιιι
997 4070 1136 4182 thedipldedb
1145 4125 1172 4171 oi
1181 4076 1209 4172 d.
1218 4078 1457 4188 pprqipcplpquepqr:

387 4208 760 4287 “Nenweebmmi·
869 4182 1370 4302 iustus-utistut
1383 4191 1457 4302 qn.

315 4274 491 4337 ¹³¹⁰¹⁰⁰⁰J¹¹¹⁰
502 4272 596 4335 ⁸⁸⁹‘0‘”
775 4372 781 4382 ,
818 4372 823 4383 Ι
874 4311 996 4358 suune:
1015 4313 1065 4359 “si
1078 4266 1457 4367 iiapmbetiillmummmeid

283 4376 322 4429 47.
347 4389 394 4435 pro
420 4375 465 4422 illa
473 4370 604 4434 —pcrted
641 4370 692 4418 Ἥ.
706 4369 728 4445 ιι.
750 4372 840 4433 aliquid
874 4375 982 4421 introivit
992 4380 1035 4423 sut
1046 4378 1185 4439 cujusquam
1198 4384 1304 4431 servolus
1311 4392 1408 4447 propter
1419 4399 1458 4431 me

248 4438 364 4485 excidisse
374 4445 441 4486 ratus
456 4445 493 4485 est
511 4435 619 4492 corase
637 4435 722 4510 Orelli.
757 4434 837 4497 lsup·
871 4438 1003 4485 solicitatus
1024 4447 1070 4497 est,
1092 4444 1199 4493 omnium
1221 4450 1345 4496 nationum
1365 4455 1457 4513 postro-

248 4517 307 4563 pose
322 4503 376 4550 thst
392 4504 424 4551 he
434 4503 474 4549 did
486 4508 530 4549 not
540 4498 687 4549 understand
703 4506 732 4546 ιι.
765 4498 838 4547 ism-
871 4502 1006 4549 missimum
1029 4506 1248 4574 nequissimumque
1270 4514 1457 4563 existimatote.”

251 4566 323 4615 binus
333 4567 441 4631 explains
451 4568 471 4615 it
481 4566 562 4629 right:
580 4570 624 4613 ‘so
634 4563 670 4612 ιιι
680 4579 707 4611 es
719 4578 758 4625 my
770 4564 845 4693 mli
868 4566 926 4692 {ho
936 4567 1001 4615 word
1013 4570 1165 4620 ‘uotiuum'
1177 4575 1197 4625 is
1208 4578 1324 4643 probably
1335 4584 1441 4643 corrupt.
