3517 5325
351 460 393 523 52
669 444 804 511 ORAT.
833 442 925 509 PRO
956 441 997 508 P.
1020 437 1220 524 QUINTIO

296 667 301 678 ·
354 635 513 719 Quintius
530 631 635 697 omnia
648 628 848 717 periclitatus
863 632 923 705 est,
940 622 977 688 0.
994 622 1134 709 Aquilli;
1159 642 1222 686 non
1236 624 1419 706 praetorem
1427 620 1532 684 modo
1547 640 1570 683 a

353 758 415 822 quo
438 734 492 819 jus
517 730 706 815 impetraret
722 724 862 790 invenire
882 721 987 809 potuit
1006 727 1102 806 atque
1125 720 1206 783 adeo
1228 740 1270 781 ne
1292 717 1375 781 unde
1398 718 1570 786 arbitratu

341 832 479 919 quidem
494 851 551 893 suo
566 826 754 914 postularet,
771 824 827 887 sed
842 844 883 886 ne
896 820 1015 884 amicos
1035 818 1163 904 quidem
1176 818 1251 882 Sex.
1267 814 1400 889 Naevii3
1424 836 1570 901 quorum

353 952 447 1016 saepe
459 936 493 993 et
508 927 561 991 diu
576 927 617 990 ad
629 924 727 1011 pedes
738 921 841 1007 jacuit
850 926 983 996 stratus,
995 919 1167 982 obsecrans
1180 938 1238 1001 per
1249 915 1339 978 Deos
1352 913 1569 1013 immortales,

353 1037 391 1093 ut
414 1033 471 1090 aut
490 1046 598 1089 secum
616 1022 688 1107 jure
714 1019 954 1095 contenderent,
970 1023 1028 1080 aut
1049 1014 1197 1099 injuriam
1216 1012 1284 1076 sine
1301 1011 1473 1096 ignominia
1497 1010 1570 1074 sibi

354 1128 563 1212 imponerent.
610 1118 759 1204 Denique
774 1116 873 1202 ipsius
892 1114 1011 1178 inimici
1027 1113 1151 1177 vultum
1165 1109 1427 1197 superbissimum
1440 1108 1567 1173 subiit:

354 1224 454 1310 ipsius
481 1222 555 1286 Sex.
585 1217 697 1282 Naevii
722 1215 891 1280 lacrimans
913 1233 1042 1275 manum
1066 1208 1235 1296 prehendit
1256 1208 1290 1270 in
1313 1207 1571 1292 propinquorum

354 1321 446 1387 bonis
460 1316 695 1405 proscribendis
713 1314 940 1380 exercitatam:
965 1308 1145 1374 obsecravit
1164 1328 1220 1392 per
1242 1305 1352 1370 fratris
1375 1304 1425 1369 sui
1441 1302 1570 1368 mortui

354 1421 500 1494 cinerem,
516 1439 573 1503 per
594 1435 709 1479 nomen
731 1408 987 1498 propinquitatis,
1004 1428 1063 1492 per
1081 1405 1180 1491 ipsius
1200 1404 1368 1489 conjugem
1382 1410 1417 1467 et
1429 1402 1566 1479 literne,

354 1517 468 1603 quibus
491 1514 621 1600 propior
643 1512 682 1576 P.
709 1508 839 1589 Quintio
859 1528 952 1571 nemo
972 1513 1032 1583 est,
1056 1510 1095 1567 ιιι
1118 1502 1287 1589 aliquando
1311 1500 1568 1564 misericordiam

355 1608 503 1699 caperet;
538 1612 687 1696 aliquam,
713 1608 741 1671 si
764 1628 840 1669 non*
853 1600 1108 1689 propinquitatis,
1132 1599 1308 1665 etaetatis
1330 1620 1417 1676 suae,
1442 1597 1470 1662 si
1495 1620 1568 1662 non

355 1710 501 1787 hominis,
518 1715 554 1771 at
564 1704 772 1770 humanitatis
782 1702 938 1767 rationem
948 1700 1100 1774 haberet;
1125 1705 1163 1762 ut
1173 1719 1283 1762 secum
1293 1696 1420 1782 aliquid,
1433 1697 1568 1783 integra

356 1828 415 1872 sua
429 1807 523 1882 lama,
539 1804 683 1890 qualibet
698 1800 868 1865 dummodo
883 1798 1040 1864 tolerabili
1059 1797 1241 1861 conditione
1255 1796 1459 1881 transigeret.
1503 1797 1567 1859 Ab

356 1903 426 1989 ipso
441 1902 635 1989 repudiatus,
655 1900 695 1964 ab
710 1898 821 1963 amicis
836 1898 907 1983 ejus
919 1918 984 1960 non
999 1896 1193 1971 sublevatus,
1208 1896 1250 1959 ab
1269 1894 1354 1957 omni
1368 1894 1567 1978 magistratu

346 2002 498 2085 agitatus
513 2007 609 2085 atque
624 1996 821 2084 perterritus,
834 2017 927 2081 quem
938 2000 1064 2079 praeter
1074 2000 1107 2057 te
1121 1993 1260 2078 appellet
1273 1991 1371 2056 habet
1381 1991 1563 2065 neminem

357 2098 417 2164 tibi
432 2120 476 2177 se,
489 2097 548 2163 tibi
559 2119 634 2162 suas
645 2115 845 2179 omnes-opes
857 2092 1064 2176 fortunasque
1076 2091 1293 2155 commendat:
1315 2089 1374 2154 tibi
1386 2090 1566 2154 committit

358 2196 626 2261 existimationem
637 2216 675 2258 ac
686 2215 774 2279 spem
786 2190 925 2277 reliquae
939 2189 1034 2253 vitae.
1081 2188 1196 2252 Multis
1207 2195 1340 2253 vexatus
1351 2187 1564 2264 contumeliis,

358 2292 500 2379 plurimis
523 2294 667 2378 jactatus
691 2290 823 2377 injuriis,
839 2294 903 2353 non
921 2287 1024 2373 turpis
1045 2287 1087 2350 ad
1106 2293 1150 2365 te,
1166 2287 1224 2351 sed
1243 2285 1340 2350 miser
1356 2285 1516 2371 confugit:
1544 2308 1565 2349 c

358 2392 456 2456 fundo
485 2390 688 2455 ornatissimo
712 2389 865 2473 dejectus,
893 2385 1075 2471 ignominiis
1097 2384 1243 2448 omnibus
1264 2383 1437 2469 appetitus,
1465 2405 1566 2469 quum

358 2492 445 2554 illum
460 2490 492 2553 in
507 2489 573 2554 suis
588 2488 732 2574 paternis
747 2486 840 2551 bonis
852 2484 1007 2550 dominari
1017 2483 1148 2562 videret,
1161 2483 1229 2569 ipse
1243 2483 1326 2548 filiae
1339 2483 1439 2547 nubili
1453 2484 1565 2548 dotem

360 2589 513 2653 conficere
528 2609 592 2651 non
612 2592 730 2672 posset,
747 2584 822 2647 nihil
843 2583 980 2647 alienum
997 2589 1106 2645 tamen
1127 2581 1194 2646 vita
1211 2581 1372 2667 superiore
1391 2580 1564 2645 commisit.

362 2687 476 2773 ltaque
490 2693 524 2751 te
543 2687 604 2750 hoc
625 2685 783 2760 obsecrat,
800 2682 835 2747 Ο.
853 2681 983 2767 Aquilli,
999 2687 1038 2744 ut
1057 2701 1153 2766 qnam
1172 2679 1450 2757 existimationem,
1467 2701 1565 2764 qnam

360 2785 560 2849 honestatem
580 2782 613 2846 in
633 2781 788 2868 judicium
811 2788 903 2846 tuum
927 2801 1027 2864 prope
1050 2785 1124 2842 scta
1144 2779 1213 2862 jem
1237 2784 1345 2842 aetate
1368 2777 1565 2862 decursaque

360 2881 480 2960 attulit,
500 2903 571 2947 eam
589 2880 685 2944 liceat
705 2879 735 2944 ei
758 2901 928 2944 secumex
950 2877 1101 2941 hocloco
1125 2876 1256 2950 efferre;
1280 2898 1320 2940 ne
1343 2876 1380 2955 is,
1405 2877 1445 2940 de
1470 2875 1565 2960 cnjus

361 2979 464 3044 officio
478 3001 572 3044 nemo
586 3000 735 3063 umquam
749 2976 916 3054 dubitavit,
932 2975 1130 3061 sexagesimo
1144 2973 1278 3060 denique
1296 2996 1380 3038 anno
1394 2974 1563 3052 dedecore,

361 3077 485 3141 macula
499 3077 743 3163 turpissimaque
755 3073 927 3158 ignominia
940 3081 1088 3149 notetur;
1113 3095 1154 3137 ne
1169 3073 1363 3137 ornamentis
1378 3073 1448 3157 ejus
1462 3072 1565 3136 omni·

361 3176 422 3239 bus
438 3175 513 3238 Sex.
530 3173 668 3238 Naevius
682 3194 740 3259 pro
760 3171 869 3258 spoliis
889 3172 1058 3237 abutatur:
1082 3193 1123 3235 ne
1136 3193 1193 3257 per
1211 3177 1246 3236 te
1267 3171 1361 3250 ferat,
1378 3193 1440 3256 quo
1457 3171 1565 3235 minus

396 3379 608 3442 invenirepotuil]
644 3379 699 3428 One
716 3379 746 3428 oi
754 3379 944 3428 Keller’sMSS.
977 3381 1052 3428 inthe
1062 3380 1207 3429 clanse‘sed
1215 3395 1247 3428 ne
1254 3380 1342 3428 amicos
1353 3380 1450 3443 quidem
1460 3379 1565 3438 Naevii‚’

363 3447 407 3493 has
419 3449 425 3472 ⁴
435 3459 484 3492 non
500 3444 603 3506 potnit3’
620 3445 668 3492 md
683 3444 753 3492 other
769 3445 841 3492 Mes.
859 3449 908 3502 too,
924 3445 945 3492 it
977 3445 1025 3493 and
1035 3446 1134 3493 thersis
1150 3446 1253 3507 nothing
1268 3446 1293 3492 in
1308 3446 1350 3493 the
1366 3444 1493 3507 preceding
1508 3451 1567 3507 pert

365 3525 449 3557 merus.
483 3509 556 3556 Klotz
564 3509 607 3556 hes
620 3513 678 3556 ‘non
687 3508 784 3571 potuit!
805 3509 944 3557 Iallemand
977 3511 1005 3557 ol
1012 3511 1055 3557 the
1065 3515 1178 3558 sentence
1188 3510 1250 3558 irum
1261 3510 1340 3557 which
1350 3509 1393 3557 the
1405 3523 1493 3571 proper
1503 3510 1564 3558 verb

364 3574 407 3622 hes
418 3573 460 3621 the
470 3575 541 3620 usual
551 3573 712 3636 explanation,
723 3574 778 3621 that
789 3577 852 3620 ‘non
863 3574 943 3622 modo’
977 3589 1022 3622 oen
1032 3575 1063 3622 be
1073 3575 1190 3638 supplied.
1223 3575 1276 3622 The
1287 3575 1360 3622 Latin
1375 3579 1464 3622 cannot
1479 3574 1510 3622 be
1520 3590 1566 3623 ex·

364 3639 385 3686 is
407 3637 472 3684 osten
490 3645 536 3698 put
554 3637 591 3685 ior
611 3645 677 3685 ‘non
692 3637 764 3685 modo
783 3639 849 3685 non!
884 3639 909 3686 lt
925 3640 946 3687 is
980 3639 1078 3702 pressed
1088 3641 1114 3687 in
1125 3639 1226 3700 English
1237 3640 1295 3686 rrith
1305 3655 1353 3700 any
1363 3645 1431 3700 great
1440 3654 1564 3702 aornncy,

364 3702 468 3764 possible
485 3703 538 3750 thst
553 3703 621 3749 there
632 3718 680 3750 was
696 3717 763 3750 some
779 3703 904 3751 confusion
919 3705 946 3752 in
979 3704 1061 3752 unless
1071 3719 1107 3752 ers
1118 3704 1220 3765 entirely
1230 3704 1292 3751 alter
1302 3705 1345 3751 the
1360 3705 1422 3752 form
1433 3703 1461 3750 of
1468 3704 1511 3750 the
1520 3720 1564 3752 ex-

363 3768 407 3815 the
417 3782 461 3814 use
471 3767 500 3816 of
507 3767 549 3814 the
560 3767 669 3829 negative
678 3768 705 3814 in
716 3767 774 3815 ench
786 3769 944 3830 expressions.
975 3768 1460 3830 pressiomsndwhentheiormisentirely
1472 3768 1566 3816 altered

365 3833 415 3882 But
425 3831 447 3879 ii
454 3847 489 3880 we
500 3832 598 3880 observe
606 3832 648 3879 the
659 3847 728 3880 sense
739 3833 766 3880 ol
779 3832 821 3881 the
838 3849 945 3896 passage,
978 3834 1029 3881 itis
1044 3840 1110 3881 nota
1128 3833 1276 3880 translation
1311 3833 1450 3881 ‘Arbitrum
1466 3833 1565 3895 quidem

363 3897 412 3946 and
429 3897 471 3944 tho
489 3902 595 3945 conusst
612 3897 640 3945 os
654 3897 697 3945 the
713 3897 798 3952 words.
818 3899 838 3946 it
854 3900 903 3946 will
916 3899 948 3946 be
979 3897 1031 3945 suo’
1049 3912 1132 3944 means
1139 3897 1193 3944 that
1201 3898 1244 3945 the
1250 3903 1347 3960 praetor
1354 3899 1433 3946 sronld
1440 3904 1485 3944 not
1494 3898 1566 3946 allow

364 3963 430 4026 plain
441 3962 494 4009 that
506 3967 569 4010 ‘non
581 3962 671 4024 potuit'
682 3963 703 4010 is
716 3967 759 4010 not
766 3962 838 4024 right
873 3963 948 4011 ‘Non
980 3963 1031 4009 him
1039 3967 1066 4009 to
1077 3962 1165 4009 choose
1180 3963 1219 4009 his
1235 3978 1289 4011 own
1305 3978 1357 4025 way
1377 3963 1405 4010 of
1413 3963 1511 4023 settling
1521 3963 1566 4010 the

364 4027 508 4090 praetorem'
525 4027 546 4074 is
563 4027 669 4090 opposed
682 4032 707 4075 ιο
726 4032 771 4074 ‘ns
787 4027 876 4075 amicos
894 4027 947 4088 qui-
980 4027 1076 4088 dispnts
1086 4025 1193 4074 between
1209 4027 1309 4075 himself
1322 4027 1369 4075 and
1386 4028 1501 4075 Naevius.
1535 4027 1564 4075 P.

365 4091 438 4147 dem,'
450 4092 497 4138 snd
509 4092 597 4139 ‘modo
606 4092 613 4115 '
623 4091 732 4154 quslifies
741 4096 747 4118 ‘
757 4089 910 4152 praetorem'
922 4106 948 4137 ss
981 4091 1095 4142 Quintius
1105 4091 1195 4139 wished
1205 4098 1231 4139 to
1241 4099 1281 4154 try
1296 4093 1383 4154 simply
1399 4093 1442 4139 the
1453 4092 1566 4154 question

365 4158 390 4204 in
399 4157 441 4204 the
459 4156 520 4204 sorm
541 4160 652 4204 ‘matum
670 4155 758 4203 modo!
792 4155 876 4203 Cicero
894 4169 948 4215 says
980 4155 1074 4202 oidebt
1089 4155 1198 4204 betrroen
1214 4156 1368 4204 himselssnd
1379 4157 1499 4204 Naeuius:
1518 4156 1566 4204 ‘de

364 4223 372 4248 ‘
381 4225 425 4267 not
440 4235 466 4266 so
484 4221 556 4267 much
573 4236 599 4268 ss
617 4237 633 4268 s
649 4226 745 4282 praetor
763 4225 789 4265 to
806 4225 847 4280 get
861 4219 949 4280 justice
980 4234 1006 4266 re
1023 4221 1160 4281 peninisria
1175 4223 1317 4270 contendere
1331 4221 1420 4284 cupio,'
1437 4237 1464 4268 es
1480 4219 1565 4269 Cicero

365 4285 427 4331 from
438 4284 509 4330 could
520 4285 550 4332 he
561 4285 620 4344 lind,
630 4300 677 4347 nay
688 4287 731 4332 not
742 4298 788 4331 one
799 4283 861 4330 from
870 4283 948 4330 whom
982 4284 1064 4332 makes
1075 4285 1126 4332 him
1137 4301 1187 4348 ssy.

366 4349 396 4394 he
408 4347 477 4394 could
487 4363 546 4395 even
557 4349 639 4396 obtain
650 4350 692 4396 the
703 4347 761 4396 kind
772 4347 800 4394 ol
807 4349 886 4395 action
895 4348 949 4396 that
1015 4350 1044 4397 Si
1053 4353 1171 4412 uos—ot]
1192 4351 1236 4398 See
1243 4349 1297 4398 Vol.
1306 4350 1327 4398 1.
1336 4350 1405 4397 Verr.
1414 4351 1439 4397 ii.
1446 4353 1470 4398 8.
1478 4364 1498 4397 c
1507 4351 1566 4397 4.-

365 4412 397 4458 he
406 4411 505 4469 wished;
516 4417 559 4460 not
567 4429 627 4462 sven
636 4414 677 4461 the
685 4413 775 4462 friends
783 4412 811 4460 oi
825 4411 947 4461 Naevius!
982 4414 1154 4471 ‘stsermone,'
1162 4420 1205 4463 &a
1215 4421 1273 4476 ‘per
1280 4421 1306 4462 te
1316 4415 1377 4462 serat
1384 4414 1400 4462 :’
1419 4415 1566 4463 Pammtius

365 4476 419 4523 The
440 4481 552 4524 sentence
574 4479 594 4526 is
613 4479 733 4540 evidently
754 4477 878 4535 coecum,
901 4478 949 4526 and
981 4494 1037 4542 says
1047 4485 1120 4527 “non
1129 4494 1226 4542 possum
1235 4479 1403 4528 ferreverhum
1408 4480 1494 4541 serat.-
1511 4495 1565 4527 sns-

366 4540 629 4604 Ciceromsyhsreleit
638 4543 658 4591 it
666 4543 742 4602 so,for
752 4543 883 4591 thereisno
891 4543 949 4592 verb
982 4544 1182 4606 picorlegendnm
1194 4544 1458 4608 esse,esperteflot.''
1486 4543 1566 4593 There
