3517 5325
302 460 343 525 60
615 453 749 519 ORAT.
773 452 864 518 PRO
896 452 1001 518 SEX.
1026 450 1192 523 Roscio

302 628 378 714 quid
402 626 488 690 aliud
509 624 570 690 hoc
591 624 713 711 judicio
726 630 872 689 tentatur
894 623 957 692 nisi
975 630 1014 688 ut
1035 622 1069 687 id
1086 623 1156 688 fieri
1178 623 1295 688 liceat!
1338 622 1512 688 Accusant

301 726 323 789 ii
349 724 403 810 qui
426 723 459 787 in
481 723 625 789 fortunas
647 723 742 808 hujus
761 722 963 786 invaserunt:
989 742 1137 785 caussam
1156 721 1235 785 dicit
1256 721 1284 785 is
1302 720 1354 785 cui
1375 728 1508 806 praefer

301 821 514 887 calamitatem
537 820 614 883 nihil
638 820 850 906 reliquerunt:
888 825 1040 883 accusant
1064 819 1086 882 ii
1110 820 1229 904 quibus
1254 818 1356 883 occidi
1378 826 1509 903 patrem

303 921 377 985 Sex.
394 920 501 983 Roscii
516 921 599 983 bono
614 918 694 983 fuit:
720 939 865 982 caussam
880 916 1000 981 dicitis
1015 917 1066 980 cui
1087 939 1151 981 non
1172 918 1267 981 modo
1282 917 1406 980 luctum
1419 938 1509 979 mors

301 1018 404 1105 patris
417 1017 536 1095 attulit,
553 1038 662 1081 verum
676 1015 772 1079 etiam
786 1022 982 1100 egestatem:
1006 1022 1161 1079 accusant
1180 1015 1203 1079 ii
1220 1014 1274 1100 qui
1296 1015 1381 1078 hunc
1399 1014 1506 1098 ipsum

295 1116 442 1202 jugulare
458 1136 579 1178 summe
594 1113 778 1198 cupierunt:
804 1134 951 1176 caussam
962 1112 1040 1176 dicit
1054 1112 1082 1176 is
1096 1112 1152 1198 qui
1163 1112 1261 1177 etiam
1271 1112 1314 1175 ad
1328 1112 1390 1175 hoc
1400 1111 1508 1197 ipsum

296 1214 450 1299 jndiciuzn
476 1234 549 1276 cum
572 1211 729 1297 praesidio
753 1210 848 1289 venit,
871 1232 912 1274 ne
934 1210 986 1274 hic
1008 1209 1127 1274 ibidem
1148 1224 1224 1275 ante
1248 1210 1357 1274 oculos
1378 1216 1507 1274 vestros

299 1312 496 1377 trucidetur:
521 1310 655 1396 deniqne
668 1315 823 1373 accusant
837 1308 859 1371 ii
873 1330 954 1393 quos
968 1307 1104 1393 populus
1118 1308 1242 1394 poscit:
1268 1328 1414 1371 caussam
1425 1306 1506 1371 dicit

300 1410 327 1473 is
353 1409 407 1495 qni
432 1429 515 1473 uuus
537 1407 666 1473 relictus
687 1430 728 1471 ex
753 1406 878 1471 illorum
901 1404 1022 1487 nefaria
1041 1406 1140 1470 caede
1160 1411 1275 1470 restat.
1330 1405 1443 1489 Atque
1465 1411 1507 1468 ut

299 1507 422 1571 facilius
445 1506 620 1591 intelligere
645 1504 782 1590 possitis,
802 1504 936 1588 judices,
960 1525 1000 1567 ea
1018 1524 1100 1587 quae
1118 1503 1207 1568 facta
1227 1509 1304 1568 sunt
1326 1501 1508 1587 indigniora

301 1626 371 1669 esse
397 1625 492 1689 quam
517 1603 595 1667 haec
609 1609 686 1665 sunt
712 1623 793 1686 quae
817 1601 960 1679 dicimus,
985 1601 1027 1665 ab
1050 1600 1142 1665 initio
1165 1622 1218 1665 res
1241 1599 1508 1685 quemadmodum

299 1710 394 1787 gesta
407 1701 450 1765 sit
464 1700 553 1763 vobis
568 1720 780 1784 exponemus3
806 1720 869 1784 qno
884 1697 1008 1763 facilius
1027 1705 1062 1763 et
1078 1699 1175 1784 hujus
1199 1697 1335 1763 hominis
1355 1698 1506 1761 innocen·

300 1798 413 1863 tissimi
442 1796 586 1861 miserias
614 1802 649 1860 et
677 1795 800 1860 illorum
827 1796 995 1861 audaciam
1024 1813 1217 1882 cognoscere
1239 1794 1372 1882 possitis
1395 1801 1430 1859 et
1455 1795 1504 1859 rei

300 1895 445 1981 publicae
460 1892 684 1959 calamitatem.
978 1962 988 1968 ,

345 1990 408 2055 VI.
433 1991 507 2055 Sex.
524 1990 667 2070 Roscius,
684 1998 778 2078 pater
791 1992 933 2077 hujusce,
949 1992 1115 2079 municeps
1130 1992 1302 2058 Amerinus
1316 1990 1388 2069 fuit,
1405 2012 1506 2075 quum

209 2093 215 2101 '
300 2112 417 2177 genere
431 2096 466 2155 et
479 2090 646 2155 nobilitate
661 2096 695 2155 et
709 2090 842 2175 pecunia
856 2112 920 2154 non
936 2091 1030 2155 modo
1045 2091 1095 2155 sni
1109 2090 1271 2177 municipii
1281 2111 1391 2155 verum
1405 2088 1507 2153 etiam

302 2187 372 2273 ejus
385 2187 558 2253 vicinitatis
573 2187 665 2253 facile
680 2188 810 2274 primus,
827 2194 897 2252 tum
916 2188 1023 2274 gratia
1036 2196 1136 2274 atque
1153 2188 1301 2274 hospitiis
1314 2187 1432 2251 florens
1445 2186 1505 2248 ho-

300 2284 421 2349 minum
435 2284 710 2351 nobilissimorum.
756 2284 935 2349 Nemeum
956 2285 1107 2365 Metellis,
1129 2284 1278 2362 Serviliis,
1301 2282 1504 2369 Scipionibus

301 2390 370 2448 erat
384 2384 413 2448 ei
432 2406 496 2449 non
511 2384 605 2448 modo
624 2384 796 2471 hospitium
811 2405 921 2448 verum
942 2383 1040 2448 etiam
1059 2383 1253 2449 domesticus
1271 2404 1349 2447 usus
1368 2388 1403 2446 et
1427 2402 1504 2445 con-

301 2482 457 2558 suetudo;
483 2504 571 2569 quas,
587 2488 625 2546 ut
639 2504 776 2567 aequum
790 2487 849 2560 est,
868 2481 1005 2545 familias
1025 2482 1204 2547 honestatis
1223 2479 1503 2566 amplitudinisque

299 2580 404 2666 gratia
418 2581 556 2645 nomino.
602 2579 716 2667 ltaque
730 2602 770 2643 es
785 2578 850 2643 suis
865 2579 1012 2644 omnibus
1030 2579 1205 2645 commodis
1227 2580 1289 2644 hoc
1311 2578 1414 2643 solum
1436 2577 1503 2641 filio

300 2679 447 2766 reliqnit;
472 2701 546 2744 nam
563 2677 787 2764 patrimonium
807 2677 974 2743 domestici
993 2680 1170 2764 praedones
1189 2679 1220 2743 vi
1237 2685 1382 2764 ereptum
1401 2675 1502 2762 possi-

300 2777 395 2842 dent:
423 2777 509 2842 fama
531 2783 566 2842 et
590 2777 657 2841 vita
680 2775 858 2840 innocentis
880 2777 922 2840 ab
950 2775 1130 2862 hospitibus
1153 2775 1326 2862 amicisque
1355 2774 1500 2860 paternis

300 2875 490 2942 defenditur.
536 2875 601 2939 Hic
618 2897 714 2961 quum
726 2874 812 2939 omni
827 2883 971 2961 tempore
985 2875 1161 2944 nobilitatis
1174 2875 1282 2938 fautor
1294 2873 1418 2950 fuisset,
1430 2879 1502 2937 tum

299 2973 360 3038 hoc
379 2975 516 3040 tumultu
532 2973 684 3058 proximo,
700 2995 798 3058 quum
821 2972 961 3036 omnium
983 2973 1136 3047 nobilium
1153 2973 1293 3058 dignitas
1313 2979 1348 3036 et
1366 2972 1453 3036 salus
1466 2971 1501 3035 in

299 3072 466 3136 discrimen
480 3070 612 3146 veniret,
628 3077 753 3155 praeter
767 3077 893 3135 ceteros
906 3071 939 3134 in
953 3093 993 3136 ea
1005 3071 1170 3137 vicinitate
1184 3093 1255 3135 eam
1269 3077 1395 3156 partem
1408 3091 1500 3135 eaus-

298 3191 428 3255 samque
439 3191 545 3254 opera,
556 3168 672 3246 studio,
683 3167 875 3232 anctoritate
887 3168 1040 3234 defendit.
1086 3169 1217 3234 Etenim
1226 3177 1350 3234 rectum
1360 3168 1499 3254 putabat

298 3287 356 3348 pro
371 3286 480 3329 eorum
496 3265 665 3330 honestate
681 3287 717 3330 se
736 3287 887 3350 pugnare,
908 3274 1040 3353 propter
1062 3289 1143 3354 quos
1165 3267 1232 3353 ipse
1256 3266 1498 3332 honestissimus

332 3455 524 3518 quibua-tono]
559 3455 793 3506 Thisisaoommon
803 3471 847 3506 use
857 3457 885 3506 of
913 3463 984 3516 term,
994 3459 1073 3508 which
1090 3459 1442 3525 excludeafiallieciealpina),
1456 3475 1497 3508 re·

299 3521 342 3570 the
358 3519 437 3567 dative
449 3518 544 3582 (nono),
563 3521 640 3568 worth
657 3521 764 3583 noticing
779 3522 882 3584 perhaps
914 3523 993 3572 oeived
1004 3524 1048 3572 the
1059 3525 1154 3572 Roman
1168 3525 1278 3573 ‘ridica’
1287 3525 1406 3586 byrirtue
1417 3525 1446 3573 of
1453 3525 1497 3573 the

298 3599 326 3633 as
342 3585 363 3632 it
382 3583 489 3645 explains
508 3584 550 3632 the
568 3586 706 3646 expression
728 3586 781 3633 ‘eui
802 3586 879 3634 bonc'
912 3593 961 3636 ιιιο
972 3589 1049 3651 lagae
1063 3589 1200 3637 mentioned
1218 3589 1398 3648 aborafflthe
1408 3590 1496 3638 italien

300 3646 878 3712 (c.30),wbere¹cni'isthepersonsnd‘bono'
913 3658 991 3701 towns
1009 3653 1087 3701 which
1111 3669 1173 3701 were
1194 3658 1239 3701 not
1263 3653 1379 3702 coloniae
1399 3654 1497 3703 Civium

298 3713 591 3776 thscbjectorpnrpose.
914 3717 1085 3773 Romanorum,
1099 3733 1162 3766 were
1176 3719 1289 3781 properly
1303 3719 1496 3780 comprehended

327 3779 436 3840 populus
452 3779 534 3839 poscit
544 3779 565 3841 .·]
608 3778 675 3827 ‘'l'he
685 3780 771 3842 people
781 3779 827 3829 eall
842 3781 880 3830 for
911 3782 988 3829 under
995 3782 1038 3830 the
1047 3787 1109 3830 term
1119 3783 1260 3846 Mnuidpia,
1266 3798 1327 3831 even
1338 3784 1381 3831 the
1395 3783 1497 3832 latinae

298 3843 361 3892 their
371 3841 544 3905 punishment!
912 3846 1034 3902 Coloniae.

330 3910 354 3956 6.
376 3909 499 3969 municeps
519 3908 663 3971 Ameriam]
698 3909 803 3969 Ameria,
824 3924 879 3958 ιιοιι
944 3911 1193 3975 tumultum-rim]
1210 3911 1345 3960 'l'hisrrord
1355 3911 1496 3960 ‘hamultns'

298 3971 399 4030 Amelia
417 3987 466 4019 was
483 3987 514 4019 an
530 3973 570 4020 old
581 3973 699 4022 Umbrian
716 3981 789 4033 town,
805 3975 878 4024 south
910 3974 1235 4036 inexplainedinenesenae
1245 3976 1495 4040 byeioanffnuipp.

298 4036 326 4083 of
349 4036 431 4084 'luder
446 4037 494 4084 and
508 4037 617 4086 between
638 4039 682 4086 the
697 4040 750 4087 Nar
765 4039 813 4088 and
835 4039 877 4086 the
909 4039 958 4086 viii.
968 4041 990 4087 l.
1024 4039 1132 4088 fleeVol.
1141 4041 1163 4088 1.
1171 4041 1240 4090 Verr.
1247 4043 1272 4089 ii.
1282 4042 1395 4105 ecca).
1430 4042 1497 4090 llere

297 4099 400 4148 Tiberis.
444 4101 497 4148 The
519 4103 587 4164 place
608 4117 657 4150 was
677 4117 693 4150 a
718 4104 878 4165 Municipium
911 4103 944 4151 he
953 4103 1082 4152 alludente
1096 4104 1140 4153 the
1153 4121 1210 4168 year
1224 4106 1253 4154 of
1265 4106 1308 4154 the
1322 4105 1500 4168 comnbhipof

299 4179 327 4211 cr
338 4165 425 4212 Italian
436 4169 508 4221 town.
520 4166 597 4214 which
608 4165 641 4228 by
651 4167 728 4214 virtue
739 4168 766 4214 cf
774 4168 816 4215 the
828 4167 879 4214 les
912 4167 940 4215 C.
959 4167 1053 4217 Mariua
1068 4169 1111 4217 the
1129 4185 1237 4232 younger
1253 4171 1302 4218 and
1320 4171 1367 4220 Cn.
1387 4170 1496 4232 Papirius

298 4227 364 4276 Julia
378 4229 424 4275 and
437 4229 488 4276 Lex
499 4230 593 4278 Plautia
605 4231 698 4292 Papiria
709 4231 769 4294 (nc.
782 4233 822 4288 90,
834 4229 877 4295 89)
911 4231 991 4280 Carbo
1003 4236 1064 4293 (rao.
1076 4233 1128 4296 82),
1143 4235 1169 4282 in
1179 4236 1257 4283 which
1267 4251 1324 4297 year
1337 4235 1405 4282 Sulla
1414 4236 1497 4298 finally

298 4291 399 4339 hadthe
408 4293 702 4352 Roman‘ciritas'(Vol.
712 4295 733 4342 1.
743 4297 811 4344 Verr.
822 4296 879 4343 its.
912 4295 1021 4345 defeated
1042 4298 1084 4346 the
1100 4299 1196 4347 Marisa
1214 4299 1310 4348 hodon.
1355 4300 1383 4348 C.
1403 4300 1498 4348 Marius

279 4397 281 4401 ,
298 4369 320 4402 c.
332 4354 384 4412 22).
416 4355 469 4404 The
484 4362 547 4406 term
558 4359 718 4420 Municipium
732 4362 838 4424 requires
849 4374 880 4407 an
913 4376 961 4409 rrae
972 4361 1030 4410 shut
1038 4378 1072 4426 np
1082 4364 1108 4411 in
1119 4364 1247 4413 Praenme
1259 4363 1306 4411 and
1317 4364 1392 4412 killed
1402 4363 1501 4412 himself

298 4417 420 4466 historical
427 4423 569 4482 exposition,
577 4423 623 4470 but
632 4424 652 4471 it
663 4439 718 4486 may
728 4425 883 4473 beandicient
914 4425 1047 4489 (Plumcb,
1058 4427 1134 4486 Euda,
1147 4445 1168 4478 c.
1180 4431 1292 4487 Μὴ
1308 4429 1414 4492 appan,
1425 4429 1455 4478 B.
1468 4428 1497 4477 C.

297 4480 336 4528 for
350 4480 391 4528 the
421 4489 502 4532 recent
518 4501 536 4562 p
637 4491 664 4534 to
679 4489 813 4538 remsmber
827 4491 882 4538 that
897 4488 929 4539 'i
941 4494 981 4551 88,
993 4491 1058 4555 ac).
1480 4500 1484 4505 ’

299 4542 370 4590 *hen
423 4545 494 4596 ltalia
505 4547 565 4612 (ιιιι
606 4550 699 4599 limited
709 4553 817 4602 senoeof
826 4555 882 4603 that
