3517 5325
303 475 366 545 3'18
615 475 749 542 ORAT.
775 473 865 540 PRO
889 475 932 539 A.
957 472 1194 539 OLUEN'IIO

304 647 550 712 condemnatum
575 645 795 722 absolvissent,
819 644 891 728 quis
909 651 1036 709 tantam
1056 643 1287 729 turpitudinem
1301 645 1511 730 judiciorum,

304 744 375 829 quia
404 749 529 807 tantam
555 741 803 808 inconstantiam
828 763 935 806 rerum
954 741 1181 825 judicatarum,
1203 741 1275 827 quis
1294 748 1419 807 tantam
1439 744 1515 808 libi·

305 843 411 906 dinem
422 840 565 923 judicum
578 839 663 904 ferre
678 838 857 925 potuisset!

349 939 442 1018 Quod
457 937 485 1000 si
500 937 560 1002 hoc
575 936 699 1011 videtis,
716 936 801 1022 quod
817 937 886 1019 jam
899 935 960 1000 bac
975 935 1060 999 omni
1075 935 1219 1000 oratione
1233 935 1432 1020 psteiactnm
1446 945 1511 1012 est

305 1037 358 1100 illo
380 1035 499 1120 judicio
525 1056 615 1098 reum
637 1032 850 1111 condemnari,
877 1032 1067 1118 praesertim
1085 1033 1126 1096 ab
1149 1031 1263 1096 iisdem
1277 1033 1438 1117 judicibus
1454 1035 1513 1120 qui

306 1135 368 1196 duo
382 1132 576 1218 praejudicia
591 1131 751 1215 iecissent,
765 1151 897 1194 neeesse
913 1129 1020 1205 fuisse,
1036 1129 1131 1192 simul
1142 1129 1218 1193 illud
1231 1130 1366 1196 rideatis
1378 1153 1514 1196 necesse

305 1237 365 1308 est,
390 1229 507 1293 nullam
529 1228 709 1293 accusatori
730 1249 801 1292 esse
827 1248 975 1292 caussam
996 1225 1139 1311 potuisse
1160 1248 1218 1290 cur
1234 1228 1390 1310 judicium
1414 1229 1513 1292 vellet

307 1347 513 1410 corrumpere.
562 1324 709 1389 XXIII.
733 1325 858 1405 Quaero
885 1323 969 1388 enim
994 1323 1053 1387 abs
1078 1331 1122 1399 te,
1140 1323 1177 1387 Τ.
1194 1325 1280 1399 Atti,
1301 1325 1422 1390 relictis
1440 1327 1512 1410 jam

307 1424 422 1490 ceteris
449 1423 649 1508 argumentis
677 1421 834 1497 omnibus,
864 1443 941 1484 num
972 1419 1140 1485 Fabricios
1169 1442 1295 1507 quoque
1323 1422 1511 1487 innocentes

307 1521 535 1585 condemnatos
556 1519 729 1594 existimes,
752 1540 829 1582 num
852 1517 951 1582 etiam
973 1516 1027 1580 illa
1052 1517 1174 1600 judicia
1201 1519 1336 1603 pecunia
1358 1527 1512 1604 corrupta

307 1638 377 1682 esse
396 1617 491 1693 dicas,
509 1616 623 1700 quibus
641 1617 673 1682 in
684 1615 815 1699 judiciis
831 1613 1085 1680 alteraStaieno
1093 1614 1162 1678 solo
1170 1617 1338 1680 absolutus
1355 1625 1415 1695 est,
1427 1618 1511 1680 alter

308 1715 405 1780 etiam
433 1713 501 1798 ipse
530 1734 565 1777 se
594 1712 825 1778 condemnavit.
870 1712 954 1797 Age,
979 1710 1008 1776 ai
1032 1719 1203 1776 nocentes:
1228 1713 1321 1797 cujus
1344 1714 1511 1778 maleficii?

307 1811 459 1896 numquid
488 1817 615 1896 praeter
637 1831 792 1874 venenum
814 1810 1080 1895 quaesitumque
1105 1809 1248 1875 Habitus
1270 1820 1440 1877 necaretur
1453 1813 1510 1878 ob·

304 1913 428 1996 jectum
453 1912 524 1974 estl
546 1909 697 1994 numquid
724 1909 809 1974 aliud
839 1898 958 1974 inillis
978 1909 1108 1993 judiciis
1130 1916 1291 1974 versatum
1312 1917 1365 1975 est
1382 1918 1512 1996 praeter

307 2009 404 2074 hasce
422 2007 552 2071 insidias
576 2007 698 2072 Habito
713 2007 754 2070 ab
771 2005 949 2091 Oppianico
969 2027 1031 2091 per·
1042 2006 1226 2071 Fabricium
1240 2007 1368 2072 iactast
1412 2007 1509 2085 Nihil,

308 2106 395 2181 nihil,
422 2105 559 2189 inquam,
586 2105 680 2182 aliud,
704 2103 839 2188 judices,
864 2103 1038 2188 reperietis
1087 2103 1209 2170 Exstat
1237 2104 1409 2168 memoria:
1433 2113 1511 2170 sunt

309 2204 436 2269 tabulae
451 2203 614 2288 publicae:
639 2203 796 2288 redargue
818 2224 879 2280 me,
896 2202 925 2266 si
946 2201 1101 2266 mentior:
1125 2203 1259 2266 testium
1278 2203 1366 2266 dieta
1388 2202 1507 2267 recila:

310 2303 388 2366 doce
411 2301 444 2364 in
468 2301 591 2364 illorum
612 2299 741 2384 judicIis
763 2299 838 2384 quid
862 2306 990 2384 praeter
1009 2300 1071 2363 hoc
1090 2321 1249 2386 venenum
1260 2300 1428 2385 Oppianici
1446 2323 1511 2364 non

309 2400 404 2466 modo
429 2398 461 2462 in
480 2398 621 2462 criminis
638 2397 695 2462 sed
717 2397 750 2460 in
771 2397 933 2461 maledicti
954 2398 1026 2462 loco
1043 2395 1087 2460 sit
1108 2397 1279 2481 objectum.
1326 2398 1433 2462 Multa
1447 2398 1511 2462 dici

309 2504 443 2581 possunt
458 2517 554 2581 quare
570 2495 617 2560 ita
631 2517 760 2560 necesse
774 2495 872 2560 fuerit
886 2494 1034 2579 judicari,
1049 2494 1108 2558 sed
1116 2516 1177 2578 ego
1194 2517 1360 2560 occurram
1379 2516 1510 2581 exspec-

309 2594 423 2660 tationi
447 2601 579 2670 vestrae,
593 2593 727 2678 judices.
774 2592 857 2658 Nam
879 2592 940 2658 etsi
955 2615 976 2656 a
989 2591 1079 2656 vebia
1093 2593 1139 2656 sio
1152 2593 1272 2673 audior,
1289 2601 1326 2657 ut
1339 2615 1511 2680 numquam

310 2692 476 2778 benignius
496 2715 597 2777 nequa
611 2691 768 2757 attentius
783 2713 973 2777 quemquam
989 2690 1134 2755 auditum
1155 2700 1274 2777 putem,
1292 2700 1398 2757 tamen
1418 2700 1513 2759 vocat

310 2812 360 2854 me
384 2791 445 2854 alio
465 2791 652 2875 jamdudum
675 2790 778 2855 tacita
803 2798 911 2855 vestra
936 2791 1147 2876 exspectatio,
1172 2812 1254 2876 quae
1276 2790 1355 2855 mibi
1382 2790 1512 2876 obloqui

310 2888 444 2953 videtur.
505 2888 588 2967 Quid
617 2890 715 2974 ergol
750 2909 890 2973 negasne
918 2887 996 2951 illud
1021 2886 1175 2971 judicium
1207 2896 1392 2973 corruptum
1419 2891 1513 2953 esse!

312 2986 384 3051 Non
400 3008 492 3072 nego,
510 2986 564 3049 sed
580 2986 621 3049 ab
636 2986 697 3049 hoo
713 2992 901 3069 corruptum
915 3006 978 3048 non
993 3006 1064 3049 esse
1079 2986 1242 3049 confirmo.
1287 2988 1319 3049 A
1334 3008 1397 3071 quo
1412 2986 1513 3071 igitur

310 3090 361 3147 est
383 3084 587 3167 corruptum!
641 3080 770 3165 Opinon,
795 3081 942 3165 primuni,
972 3082 1001 3145 si
1029 3081 1185 3147 incertum
1214 3083 1336 3160 suisset,
1366 3082 1513 3167 quisnam

310 3180 417 3245 exitus
446 3179 528 3243 illius
553 3177 664 3262 judicii
693 3178 819 3241 futurus
847 3187 948 3257 esset,-
965 3179 1162 3243 verisimilius
1186 3186 1294 3243 tamen
1316 3187 1411 3258 asset,
1437 3201 1513 3245 eum

310 3276 418 3361 potius
433 3275 612 3361 corrupisse
627 3274 681 3359 qui
695 3274 864 3340 metuisset
879 3298 920 3339 ne
934 3276 1003 3361 ipsa
1017 3277 1291 3355 condemnaretur,
1315 3300 1410 3363 quam
1424 3278 1513 3343 illum

311 3372 365 3456 qui
381 3371 500 3435 veritus
515 3380 600 3435 esset
615 3392 654 3435 ne
672 3372 754 3437 alter
772 3374 1009 3449 absolveretur,
1035 3375 1157 3453 deinde,
1174 3384 1270 3460 quuni
1287 3384 1373 3440 esset
1394 3376 1511 3439 nemini

312 3466 441 3531 dubium
462 3468 537 3550 quid
550 3467 687 3551 judicari
710 3490 841 3534 neeesse
859 3478 953 3550 esset,
977 3493 1052 3535 eum
1068 3480 1156 3536 certe
1173 3472 1281 3556 potius
1302 3472 1357 3556 qui
1376 3472 1436 3537 sibi
1450 3473 1512 3537 alis

311 3562 435 3629 ratione
450 3563 605 3629 diffideret
620 3585 715 3649 quam
730 3586 801 3629 eum
817 3568 870 3653 qui
882 3568 967 3632 omni
982 3570 1107 3633 ratione
1121 3569 1314 3643 confiderem
1338 3578 1510 3655 postremo,

312 3666 399 3725 certe
422 3659 529 3745 potius
546 3660 632 3727 illum
650 3663 704 3749 qui
727 3664 777 3729 bis
798 3666 884 3751 apud
901 3687 957 3730 eos
969 3666 1096 3750 judices
1118 3666 1312 3746 offendisset,
1328 3690 1423 3753 quam
1437 3690 1512 3733 eum

346 3898 386 3945 28.
414 3897 483 3959 Alli]
506 3897 542 3945 Or
567 3899 637 3945 Acci,
665 3896 718 3946 'Ibe
739 3898 813 3947 MSS.
837 3915 895 3948 con-
928 3902 979 3948 cius
991 3901 1096 3949 slonsis
1113 3908 1203 3950 meant.
1236 3902 1318 3951 When
1334 3904 1511 3965 nosswrs-

312 3960 414 4021 tinuslly
424 3976 482 4024 rsry
493 3963 583 4009 insnch
591 3962 673 4011 forms.
707 3964 896 4027 Acciusmsybe
928 3966 1015 4012 bricius
1033 3980 1067 4027 qu
1098 3980 1130 4013 ns
1156 3966 1314 4025 innocentes,’
1340 3970 1371 4016 be
1387 3969 1510 4017 mesnsc.

312 4025 355 4071 the
372 4024 451 4072 better
468 4026 538 4082 form,
557 4026 601 4073 but
617 4028 658 4075 tha
676 4028 787 4075 evidence
806 4028 834 4075 ol
848 4044 896 4075 ona
929 4029 1059 4083 Fabricius,
1078 4035 1090 4077 t
1107 4046 1121 4077 a
1143 4031 1290 4092 ‘psuonus,’
1306 4033 1354 4079 snd
1374 4031 1411 4079 bis
1432 4032 1511 4080 bead-

313 4093 383 4137 stone
391 4089 449 4136 with
460 4090 502 4137 the
509 4091 650 4152 inscription
658 4096 674 4119 ‘¹
683 4091 712 4139 T.
722 4092 787 4141 Accii
801 4093 892 4141 Pissur.
925 4107 983 4141 man
994 4094 1147 4152 Scamander,
1161 4096 1216 4143 who
1232 4096 1311 4143 would
1325 4097 1376 4145 slso
1392 4098 1453 4145 burs
1468 4097 1511 4145 tha

313 4152 427 4200 cinerss”
446 4154 467 4201 la
486 4160 530 4201 not
543 4154 652 4203 daddus.
686 4155 770 4203 Cicero
782 4155 893 4219 (Brutus,
925 4172 998 4205 nsms
1008 4157 1138 4207 Fabricius.

314 4230 335 4263 e.
345 4214 388 4279 78)
405 4232 459 4279 says
472 4218 500 4265 oi
515 4218 545 4265 Τ.
561 4220 656 4267 Attiusr
676 4222 691 4246 “
700 4219 729 4266 Τ.
742 4220 836 4267 Attium
855 4220 894 4267 Pl·
959 4222 1104 4284 memorisr]
1119 4223 1280 4279 ‘memorIsa'
1291 4224 1396 4271 HM.
1410 4224 1511 4273 claun

314 4294 449 4328 ssurcnssm
470 4283 538 4343 cujus
555 4284 700 4331 recusationi
721 4283 833 4345 respondi
849 4299 895 4345 pro
927 4300 981 4346 ssys
995 4286 1050 4333 tbst
1065 4286 1225 4334 ‘memoriae'
1241 4288 1267 4335 iu
1281 4289 1324 4337 the
1339 4288 1418 4349 plursl
1432 4290 1455 4337 is
1466 4295 1512 4337 not

314 4343 434 4401 Cluentio,
452 4347 494 4407 qui
515 4351 541 4394 ct
558 4352 669 4395 secunte
685 4346 779 4395 dicebat
793 4353 819 4395 et
836 4349 895 4397 satis
927 4349 1510 4409 ussdintbessussotreccrds,orvrittendocu·

314 4408 437 4467 eopiosc.”
927 4418 1008 4461 ments
1019 4415 1056 4461 till
1067 4415 1110 4462 tiis
1119 4416 1180 4463 n'ns
1189 4416 1219 4463 of
1227 4416 1321 4465 Gellius
1327 4415 1371 4528 gv.
1383 4419 1413 4474 o,
1424 4432 1448 4465 x.
1459 4415 1510 4479 la).

343 4485 392 4531 per
402 4473 556 4535 Fabricium]
574 4474 896 4536 'I'hisispsrbspssbettoe
959 4478 1128 4541 adiuratione]
1147 4480 1172 4527 8.
1183 4478 1214 4527 T.
1224 4479 1294 4529 M.
1348 4480 1437 4537 lssssu,
1453 4480 1511 4529 nsi·

315 4533 414 4596 reading
427 4536 486 4585 tbsn
504 4537 633 4596 Fabricios,
651 4537 752 4587 bocum
768 4538 797 4589 C.
810 4538 894 4589 Fsbri·
925 4546 971 4589 tre.
1011 4541 1065 4591 Tlos
1082 4543 1153 4591 othe
1166 4543 1266 4605 reading
1279 4545 1302 4592 is
1319 4544 1442 4606 ‘sliquos'
1461 4545 1511 4593 snd
