3517 5325
710 490 812 556 OAP.
836 491 932 558 7-9.
1176 523 1180 530 ·
1375 501 1440 564 415

232 664 387 728 honorem
408 684 510 749 neque
533 669 754 727 ornamentum
776 662 907 748 aliquod
926 670 984 728 cut
1005 665 1206 729 commodum
1225 688 1328 753 neque
1343 669 1442 736 ullam

232 784 300 826 rem
316 783 439 846 quaen
460 760 590 826 tribuno
614 761 714 846 plebis
730 761 875 846 impediri
891 762 994 847 possit
1008 763 1210 849 appetiturus
1231 767 1302 831 sim.
1350 768 1442 834 Dicit
1535 777 1539 783 '

232 859 488 946 frequentissimo
511 865 623 923 senatu
647 859 757 924 consul
773 859 927 924 Kalendis
949 861 1115 925 ‚Ianuariis
1129 883 1208 940 sese,
1225 863 1253 926 si
1268 871 1374 930 status
1388 867 1441 932 hic

233 958 448 1045 reipublicae
471 965 610 1034 maneat,
626 979 728 1043 neque
749 957 878 1043 aliquod
902 959 1067 1049 negotium
1092 959 1256 1025 exstiterit
1279 963 1365 1046 quod
1384 965 1442 1030 ho·

234 1065 326 1122 ueste
341 1057 561 1142 subterfugere
576 1078 640 1120 non
654 1055 768 1142 possit,
784 1055 816 1118 in
829 1056 1025 1141 provinciam
1039 1080 1102 1122 non
1118 1059 1248 1124 iturum.
1273 1060 1327 1123 Sic
1343 1063 1442 1126 mein

234 1157 296 1220 hoc
311 1153 500 1240 magistratu
514 1176 634 1239 geram,
656 1161 764 1240 patres
779 1154 962 1238 conscripti,
979 1163 1016 1219 ut
1030 1155 1149 1240 possim
1163 1157 1327 1221 tribunum
1341 1158 1442 1244 plebis

235 1255 281 1318 rei
296 1253 439 1340 publicae
454 1252 571 1318 iratum
585 1273 740 1330 coercere,
757 1252 833 1316 mihi
849 1253 967 1316 iratum
982 1260 1195 1318 contemnere.

281 1350 348 1414 lx.
372 1350 594 1430 Quamobrem,
626 1373 683 1436 per
713 1350 790 1416 deos
819 1349 1024 1429 immortales,
1055 1351 1196 1438 colligite
1221 1374 1288 1428 vos,
1319 1353 1441 1419 tribuni

235 1449 357 1536 plebis;
383 1449 519 1512 deserite
534 1471 590 1513 eos
603 1470 624 1512 a
638 1449 762 1534 quibus,
786 1448 848 1513 nisi
869 1448 1063 1534 prospicitis,
1084 1451 1172 1515 brevi
1192 1457 1336 1536 tempore
1354 1453 1442 1517 dese-

236 1547 367 1620 remini;
392 1547 572 1632 conspirate
594 1546 781 1620 nobiscum3
806 1548 987 1612 consentite
1007 1569 1079 1611 cum
1101 1547 1215 1624 bouis;
1242 1571 1442 1616 communem

236 1669 304 1712 rem
319 1647 477 1732 publicam
492 1647 649 1711 communi
664 1646 772 1712 studio
787 1655 884 1734 etque
903 1668 1011 1712 amore
1025 1647 1197 1714 defendite.
1243 1647 1352 1714 Mults
1366 1659 1443 1714 sunt

237 1746 363 1810 occulta
385 1743 431 1809 rei
453 1745 598 1831 publicae
618 1745 765 1819 vulneram
790 1746 892 1809 multa
910 1745 1103 1809 nefariorum
1127 1745 1241 1810 civium
1264 1748 1442 1832 perniciose

237 1843 377 1908 consilia.
424 1843 553 1907 Nullum
567 1851 734 1908 externum
749 1843 923 1928 periculum
937 1851 1009 1918 est3
1031 1865 1096 1907 non
1111 1866 1178 1921 rex,
1194 1865 1259 1907 non
1273 1867 1352 1930 gens
1366 1846 1439 1926 ulls,

236 1963 300 2006 non
316 1941 404 2006 notio
424 1941 677 2027 pertimescende
692 1948 760 2005 est:
785 1940 940 2004 inclusum
963 1939 1093 2015 malum,
1117 1940 1364 2006 intestinumue
1387 1943 1442 2006 do-

236 2041 402 2105 mesticum
429 2047 490 2104 est.
537 2039 623 2102 Huic
646 2061 705 2125 pro
728 2060 763 2104 se
786 2037 920 2124 quisque
945 2045 1092 2103 nostrum
1117 2039 1236 2103 mederi
1261 2047 1359 2126 atque
1381 2042 1441 2106 hoc

236 2160 345 2202 omnes
374 2159 487 2203 sanare
514 2137 592 2202 velle
620 2138 781 2202 debemus
837 2137 973 2216 Erratis,
1007 2136 1035 2201 si
1062 2143 1209 2201 senatum
1237 2139 1373 2224 probare
1402 2162 1442 2204 ea

237 2257 317 2321 quae
330 2259 350 2301 e
364 2260 415 2301 me
430 2237 580 2301 dicuntur
594 2236 726 2322 putatis,
749 2235 900 2322 populum
923 2242 1032 2300 eutem
1054 2256 1124 2298 esse
1141 2235 1175 2297 in
1189 2235 1251 2299 alin
1264 2237 1440 2302 voluntate.

238 2334 356 2400 Omnes
379 2335 489 2421 quise
512 2334 686 2398 incolumes
709 2333 825 2412 volent,
850 2340 1026 2419 sequentur
1044 2332 1271 2397 anctoritatem
1292 2333 1438 2412 consulis,

236 2433 332 2500 soluti
347 2457 366 2499 a
381 2434 618 2520 cupiditatibus,
634 2433 724 2520 liberi
739 2455 759 2496 n
773 2432 908 2508 delictis,
931 2432 1018 2496 couti
1033 2432 1067 2494 in
1080 2432 1240 2517 periculis,
1257 2455 1321 2496 non
1336 2433 1441 2497 timidi

235 2533 268 2596 in
283 2533 549 2598 contentionibus.
595 2530 731 2610 Quodsi
747 2530 800 2614 qui
816 2535 958 2593 vestrum
980 2551 1039 2614 spe
1061 2529 1190 2594 ducitur
1204 2551 1239 2592 se
1253 2552 1350 2616 posse
1372 2537 1440 2594 tur-

236 2628 366 2695 bulenta
381 2631 504 2695 ratione
519 2629 630 2695 honori
645 2628 793 2693 velificari
809 2649 878 2704 suo,
902 2626 1040 2713 primum
1054 2649 1105 2691 me
1121 2627 1250 2692 consule
1265 2628 1297 2693 id
1312 2650 1441 2715 sperare

236 2728 393 2804 desistct;
419 2729 532 2793 deinde
555 2729 670 2792 hebeat
693 2750 744 2791 me
767 2726 873 2812 ipsum
894 2724 955 2789 sibi
976 2726 1176 2804 documento,
1193 2748 1287 2811 quem
1302 2726 1441 2813 equestri

236 2834 343 2892 ortum
358 2826 429 2891 loco
445 2826 606 2891 consulem
620 2826 717 2905 videt,
743 2846 824 2910 quae
840 2824 925 2889 vitae
940 2822 991 2887 rin
1009 2822 1157 2886 facillime
1172 2824 1257 2887 viros
1271 2825 1373 2888 bonos
1398 2826 1442 2891 ed

236 2927 389 2991 honorem
410 2925 661 3011 dignitatemque
683 2924 848 3013 perducat.
893 2922 987 3004 Quod
1006 2921 1035 2985 si
1049 2942 1107 2985 ros
1121 2928 1263 2985 vestrum
1282 2922 1359 2985 mihi
1373 2929 1441 2987 stu-

237 3026 332 3104 dium,
360 3033 470 3111 patres
495 3024 676 3111 conscripti,
703 3024 744 3087 nd
770 3044 969 3087 communem
995 3020 1186 3107 dignitatem
1211 3020 1442 3085 defendendam

235 3124 436 3210 profitemini,
462 3123 622 3209 perficiem
647 3122 790 3209 profecto
813 3122 856 3199 id,
884 3120 969 3206 qnod
992 3118 1129 3183 maxime
1150 3140 1202 3182 res
1219 3118 1346 3204 publice
1361 3120 1441 3183 desi-

237 3222 337 3300 deret,
352 3231 390 3287 ut
404 3222 499 3306 hujus
521 3222 642 3287 ordinis
664 3220 848 3298 auctoritas,
873 3241 955 3306 quoe
976 3218 1061 3305 npud
1074 3217 1212 3302 majores
1226 3226 1355 3283 nostros
1368 3218 1439 3297 fuit,

237 3322 347 3387 eedem
361 3344 444 3386 nunc
459 3322 554 3409 longo
570 3322 734 3387 interrnllo
749 3320 795 3385 rei
809 3318 955 3407 publicae
968 3317 1122 3383 restitute
1136 3340 1207 3383 esse
1220 3314 1378 3384 videntur.

236 3481 279 3531 the
290 3482 435 3547 consulship.
469 3482 500 3535 Q.
517 3482 638 3541 Scecrnh,
649 3482 691 3531 the
703 3480 822 3539 Pontifex,
887 3483 912 3529 9.
924 3479 1056 3543 velificari]
1068 3478 1288 3527 Thieiscncnticul
1295 3480 1441 3545 expression,

237 3546 319 3595 isnlso
330 3548 382 3595 snid
398 3553 425 3595 to
443 3547 504 3595 bure
521 3548 584 3596 done
601 3548 643 3595 the
662 3562 735 3595 seme.
769 3547 822 3595 Tne
854 3545 883 3593 of
891 3544 968 3592 which
979 3544 1038 3591 kind
1054 3544 1096 3591 the
1113 3543 1220 3591 Romnns
1236 3545 1285 3591 hed
1301 3560 1376 3603 some,
1393 3546 1442 3593 end

238 3612 823 3673 ‘provinciee'versctthintirnedcoecedtothe
854 3609 1187 3658 thehmennmtillmore.
1222 3608 1443 3659 ltmcnns⁴torct

238 3676 355 3724 Consules
366 3676 492 3738 according
503 3682 528 3724 to
537 3692 551 3723 n
560 3678 610 3724 Lex
620 3677 767 3739 Sempronis,
775 3676 821 3723 bnt
853 3675 892 3723 hir
899 3674 987 3721 mileto
995 3689 1063 3735 carry
1070 3674 1154 3721 himto
1161 3674 1203 3721 the
1212 3678 1228 3701 “
1237 3674 1357 3722 honores''
1366 3675 1394 3721 of
1399 3676 1443 3723 the

238 3756 275 3787 πο
286 3746 351 3789 must
362 3755 465 3803 suppose
477 3741 530 3787 that
541 3742 583 3789 the
593 3741 694 3789 'lhibuni
705 3742 738 3803 pl.
750 3740 821 3788 could
855 3738 940 3787 sure!
975 3738 999 3787 lt
1014 3739 1036 3785 ic
1052 3737 1094 3785 the
1109 3752 1250 3799 semcmys
1266 3738 1441 3795 Porcellini‚cr

237 3804 358 3853 intercede
368 3819 428 3851 even
446 3806 539 3865 cgninct
556 3806 597 3852 the
609 3804 673 3851 Lex:
693 3818 720 3851 or
738 3804 759 3851 if
774 3818 822 3866 any
855 3802 929 3851 ‘relic
945 3802 1065 3865 remisque
1081 3802 1167 3862 egere)
1201 3800 1227 3848 It
1245 3802 1289 3849 hcc
1304 3802 1355 3849 elno
1371 3816 1387 3848 s
1401 3801 1442 3849 de-

237 3870 307 3931 thing
324 3884 371 3916 rrae
387 3868 460 3915 nched
476 3869 504 3915 of
517 3869 559 3917 the
575 3868 677 3930 popular
695 3868 821 3930 cssembly‚
855 3866 922 3915 rired
941 3880 1011 3913 sense
1025 3866 1107 3926 necrly
1118 3866 1161 3913 tho
1178 3880 1244 3913 seme
1261 3866 1287 3911 in
1304 3870 1352 3912 two
1371 3866 1443 3913 other

237 3934 295 3995 they
321 3933 391 3981 could
413 3932 532 3980 intercede
557 3932 624 3980 there
646 3932 704 3979 clso.
739 3932 822 3980 Cicero
855 3944 967 3993 posscgee
983 3930 1046 3978 cited
1063 3928 1095 3991 by
1113 3929 1238 3977 Forcellini
1255 3928 1306 3989 (Au
1322 3928 1377 3977 Dir.
1393 3930 1441 3978 viii.

238 3998 317 4047 would
332 4002 375 4047 not
386 3998 452 4045 lcerc
464 3997 541 4045 Rome
556 3996 637 4043 unless
653 3996 779 4045 somerisk
796 4010 823 4045 or
857 3996 902 4052 103
923 3994 1016 4051 Florus,
1035 3993 1052 4041 i.
1072 3996 1104 4041 9:
1126 3992 1241 4039 “Brutus
1260 3991 1336 4040 ferori
1354 3994 1441 4043 nivium

237 4064 364 4124 dmgerto
375 4062 417 4111 the
429 4061 496 4109 State
507 4060 601 4109 showed
613 4060 685 4117 itself,
702 4060 779 4109 which
791 4058 823 4107 be
855 4059 929 4107 etism
949 4058 1034 4106 domur
1052 4071 1109 4108 mee
1131 4056 1197 4105 cade
1215 4056 1346 4105 velificatus
1359 4058 1441 4123 est”).

235 4129 307 4177 could
319 4133 363 4175 not
379 4126 528 4189 honourcbly
539 4124 608 4173 eroid
625 4124 730 4187 meeting
747 4124 823 4189 (quod
855 4122 960 4171 Juvenal
975 4127 1011 4184 (1.
1029 4120 1086 4185 17⁴)
1106 4136 1161 4170 uses
1178 4121 1220 4169 the
1235 4126 1291 4182 pne
1306 4122 1369 4171 form
1384 4124 1410 4172 in
1427 4138 1443 4173 c

237 4192 338 4241 honeste
348 4188 691 4255 subterhrgereuonposeim).
855 4188 967 4237 different
976 4202 1037 4251 ny,
1049 4190 1064 4215 ‘⁴
1074 4186 1205 4236 velificatus
1215 4185 1320 4235 Athoc.”
