3517 5325
608 476 788 545 ΗΑΒΙΤΟ
811 478 913 546 ΟΑΡ.
937 479 1075 560 67-69,
1377 481 1440 552 375

241 667 322 732 quae
350 655 454 714 mater
482 655 534 714 cst
559 649 708 728 omnium,
734 651 877 737 vestigiis
901 651 1136 718 consceleratae
1165 653 1278 718 matris
1300 661 1440 739 putaret.

242 744 356 830 Itaque
371 747 455 810 nullo
471 747 504 810 in
527 748 643 833 oppido
667 749 860 816 consistendi
888 757 1031 834 potestas
1054 749 1084 814 ei
1106 749 1185 815 init:
1211 773 1303 814 nemo
1326 773 1367 816 ex
1389 759 1442 817 tot

216 844 420 936 hospitibus
449 845 596 912 inventus
625 855 677 910 est
706 847 759 932 qui
789 869 852 912 non
882 847 1104 932 contagionem
1132 856 1283 932 aspectus
1306 849 1440 932 fugeret.

191 957 198 969 '
242 941 339 1008 Nocti
355 966 390 1008 se
405 943 564 1028 potiusac
580 943 742 1010 solitudini
758 967 852 1030 quam
867 946 922 1009 ulli
935 952 994 1009 aut
1008 945 1079 1008 urbi
1093 955 1149 1010 aut
1166 945 1282 1030 hospiti
1297 947 1441 1012 commit·

239 1041 342 1104 tebet.
387 1041 416 1104 N
420 1063 481 1106 unc
497 1064 570 1106 vero
586 1042 660 1127 quid
675 1049 761 1128 agat,
778 1043 852 1128 quid
871 1043 1029 1120 moliatur,
1047 1043 1122 1128 quid
1144 1043 1278 1128 denique
1299 1044 1441 1128 quotidie

240 1137 370 1223 cogitet,
395 1162 489 1225 quem
515 1141 661 1223 ignorare
687 1149 831 1208 nostrum
855 1143 970 1227 putati
1015 1142 1103 1222 Quos
1124 1142 1300 1227 appellarit,
1327 1142 1442 1226 quihus

240 1237 405 1320 pecuniam
424 1237 613 1322 promiserit,
637 1261 771 1324 quorum
793 1239 889 1304 fidem
911 1239 1014 1324 pretio
1036 1239 1229 1304 labefactare
1252 1247 1368 1304 conata
1386 1240 1439 1317 sit,

240 1339 396 1399 tenemus.
442 1336 525 1417 Quin
551 1337 648 1400 etiam
674 1345 832 1402 nocturna
855 1337 1018 1415 sacrificia,
1043 1359 1125 1423 quac
1150 1345 1243 1423 putet
1268 1338 1442 1403 occultiora

241 1453 321 1508 esse,
337 1434 571 1521 sceleratasque
586 1435 657 1518 ejus
672 1457 782 1521 preces
796 1442 830 1500 ct
847 1435 967 1500 nefaria
981 1443 1058 1500 vota
1078 1435 1302 1523 cognovimusr
1326 1435 1442 1520 quibus

240 1528 295 1594 illa
309 1531 405 1595 ctiam
421 1533 497 1600 deos
513 1532 707 1598 immortales
727 1535 767 1598 dc
782 1555 840 1598 suo
862 1534 982 1599 scelere
1003 1541 1153 1613 testatur,
1169 1556 1271 1619 neque
1292 1532 1442 1618 intelligit

240 1627 362 1713 pietate
378 1637 412 1694 et
426 1630 578 1716 religione
593 1639 627 1696 et
639 1631 736 1715 justis
751 1631 897 1716 precibus
915 1632 1045 1696 deorum
1059 1641 1192 1710 mentes
1208 1655 1272 1696 non
1288 1629 1440 1697 contami·

241 1733 319 1790 nata
333 1729 557 1814 superstitione
572 1753 672 1815 neque
687 1731 728 1797 ad
743 1731 846 1796 scelus
861 1729 1086 1815 perficiendum
1101 1731 1202 1796 caesis
1216 1730 1329 1795 hostiis
1348 1751 1441 1816 posse

240 1825 367 1908 placari.
414 1827 587 1912 Cujusego
602 1827 740 1892 furorem
754 1837 851 1915 atquc
866 1827 1088 1894 crudelitatem
1110 1829 1188 1892 deos
1209 1829 1405 1894 immortales
1421 1849 1442 1890 a

240 1922 306 1986 suis
321 1923 384 1988 eris
398 1933 494 2010 atque
510 1927 635 2011 templis
649 1935 837 2012 aspernatos
851 1949 922 1992 esse
937 1927 1071 1992 confido.

287 2021 422 2088 LXIX.
448 2024 527 2102 Vos,
550 2025 685 2110 judices,
712 2047 792 2111 quos
815 2025 889 2089 huic
913 2025 956 2090 A.
978 2025 1124 2090 Cluentio
1150 2023 1320 2112 [quosdam
1343 2023 1438 2107 alios]

241 2119 318 2184 deos
332 2121 373 2186 ad
388 2143 480 2186 omne
495 2122 579 2188 vitae
601 2131 728 2210 tempus
743 2123 871 2188 fortuna
890 2145 960 2188 esse
980 2124 1088 2204 voluit,
1105 2125 1200 2209 hujus
1221 2121 1442 2208 importunita-

240 2225 305 2281 tem
321 2219 431 2284 matris
444 2242 465 2284 a
479 2221 534 2285 lilii
556 2223 660 2308 capite
680 2221 838 2308 depellite.
884 2220 983 2284 Multi
1005 2243 1099 2307 saepe
1121 2221 1154 2286 in
1175 2221 1348 2306 judicando
1370 2239 1442 2304 pec-

241 2327 314 2378 cata
336 2316 469 2382 liberum
491 2327 658 2404 parentum
679 2317 913 2383 misericordiae
933 2328 1181 2392 concesserunt;
1206 2341 1263 2382 vos
1285 2339 1326 2381 nc
1348 2316 1443 2399 hujus

240 2411 461 2478 honestissime
480 2425 585 2480 actam
607 2418 706 2482 vitam
731 2415 843 2480 matris
866 2415 1047 2479 crudelitati
1069 2417 1257 2480 condonetis
1282 2407 1441 2498 rogamus,

241 2514 427 2598 praesertim
443 2536 538 2598 quum
559 2537 598 2580 ex
613 2515 714 2578 altera
728 2522 819 2598 parte
839 2519 945 2576 totum
962 2513 1167 2598 municipium
1183 2513 1287 2574 ridere
1301 2509 1442 2597 possitis.

242 2609 361 2675 Omnes
389 2611 517 2689 scitote,
539 2611 673 2697 judices,
695 2609 878 2677 incredibile
905 2610 993 2674 dictu
1015 2618 1077 2685 est,
1096 2611 1152 2674 sed
1174 2632 1194 2673 a
1211 2631 1261 2673 rnc
1283 2607 1444 2675 verissime

241 2708 373 2787 dicetur,
398 2730 506 2773 omnes
531 2709 698 2775 Larinates
723 2708 775 2794 qui
801 2708 968 2771 valuerunt
989 2708 1113 2771 venisse
1139 2707 1274 2771 Romam
1297 2716 1334 2771 ut
1360 2708 1444 2771 hunc

241 2806 348 2871 studio
373 2806 610 2893 frequentiaque
633 2829 689 2871 sua
713 2814 866 2891 quantum
891 2814 1021 2890 possent
1040 2805 1073 2869 in
1096 2812 1189 2869 tanto
1211 2807 1281 2890 ejus
1305 2803 1444 2890 periculo

241 2902 452 2969 sublevarent.
507 2904 620 2969 Pueris
648 2904 725 2968 illud
755 2904 816 2967 hoc
847 2912 989 2989 tempore
1018 2911 1052 2983 et
1081 2904 1266 2968 mulieribus
1294 2904 1445 2990 oppidum

242 3001 358 3067 scitote
374 3025 443 3067 esse
463 3004 627 3079 traditum,
642 3004 737 3089 idque
752 3002 783 3065 in
800 3001 980 3088 praesentia
995 3002 1153 3067 communi
1177 3002 1291 3067 ltaliae
1313 3025 1390 3088 pace
1412 3001 1445 3065 in
1505 2988 1510 2997 ¹

243 3100 425 3166 domesticis
454 3101 552 3187 copiis
582 3123 652 3167 esse
675 3108 791 3167 totum.
840 3100 926 3180 Quos
950 3106 1059 3164 tamen
1088 3100 1175 3185 ipsos
1198 3121 1298 3185 aeque
1320 3108 1353 3164 et-
1379 3120 1436 3163 eos

241 3349 427 3463 „emti
447 3348 587 3408 emm
605 3346 827 3413 Ἥρω
858 3346 1115 3461 ll'sl‘urtfttt
1124 3347 1446 3475 ussurus·

273 3432 456 3541 superstitibus]
474 3480 530 3527 Itis
541 3479 635 3527 defined
644 3479 677 3542 hy
685 3479 777 3535 Cicero,
790 3477 828 3525 De
861 3476 981 3534 Cluentio,
992 3478 1013 3525 si
1024 3492 1084 3539 quos
1091 3478 1150 3526 alios
1160 3476 1244 3527 deoa.’'

242 3543 300 3591 Nat.
314 3544 418 3591 Deorum
430 3546 446 3592 i.
458 3548 498 3601 tn,
510 3546 589 3593 where
600 3546 630 3592 he
640 3545 661 3592 is
672 3544 787 3605 speaking
803 3542 831 3590 ol
893 3545 920 3589 r'a
938 3544 1198 3605 domesticis—totam]
1223 3543 1283 3591 This
1304 3543 1403 3603 reading
1421 3542 1450 3591 ol

243 3608 399 3665 Protagoras:
428 3615 444 3636 ⁴·
454 3609 500 3656 Cui
521 3616 633 3657 neutrum
660 3610 761 3665 licuerit,
783 3622 828 3655 nec
859 3607 902 3655 the
915 3606 988 3655 MSS.
1003 3622 1051 3655 tras
1064 3608 1192 3669 corrupted
1207 3608 1238 3669 hy
1250 3608 1384 3669 Naugerius
1394 3607 1447 3657 into

241 3686 294 3718 ease
310 3670 366 3719 deos
380 3688 425 3719 nec
436 3688 484 3721 nou
502 3688 569 3720 esse:
588 3674 681 3720 Horum
699 3674 763 3720 enirn
774 3686 827 3719 sen·
860 3672 973 3719 ‘tutum’
991 3672 1314 3733 ‘EmendavitNaugerius,'
1325 3687 1379 3733 says
1391 3672 1446 3719 Bai·

241 3736 331 3783 tentiae
347 3737 454 3783 omnium
476 3752 525 3784 non
547 3738 618 3785 modo
634 3738 828 3797 superstitionem
860 3741 907 3792 ter,
927 3752 955 3783 aa
978 3751 1051 3798 many
1072 3737 1141 3785 other
1166 3752 1277 3797 passages
1298 3737 1358 3783 hare
1385 3735 1447 3783 besu

242 3800 376 3855 tollunt‚in
393 3814 441 3861 qna
456 3802 520 3847 inest
536 3802 609 3849 timor
628 3802 705 3848 inanis
719 3802 828 3855 deorum,
860 3800 1222 3861 amendedbyspoilingthem.
1256 3801 1339 3848 Baiter
1351 3804 1446 3859 accepta

242 3864 367 3912 sedetiam
375 3864 522 3924 religionem,
534 3880 595 3926 quae
605 3866 703 3911 deornm
711 3866 751 3926 pio
762 3865 829 3911 cultu
861 3864 912 3912 this
936 3865 1096 3913 emendation.
1140 3865 1240 3912 Classen
1262 3865 1305 3911 has
1327 3863 1386 3923 lrept
1404 3862 1447 3913 the

242 3927 403 3977 continetur.”
449 3928 493 3976 See
512 3944 533 3976 c.
546 3930 587 3986 61,
605 3934 662 3976 note
678 3944 710 3977 on
729 3929 830 3991 ‘ineptis
862 3929 966 3989 genuine
976 3928 1051 3983 word,
1062 3928 1140 3975 which
1150 3930 1216 3988 gives
1224 3942 1239 3973 a
1247 3942 1333 3989 proper
1340 3942 1409 3974 serrae
1420 3932 1446 3975 to

241 3992 345 4043 fabulis!
863 3993 905 4040 the
916 4005 1025 4053 passage:
1043 3993 1108 4039 “the
1118 3993 1214 4039 tornis
1228 3992 1362 4052 altogether
1371 3992 1396 4038 in
1405 3992 1448 4041 tha

276 4062 316 4109 69.
337 4056 546 4119 [quosdamalios]
559 4056 570 4104 l
583 4055 830 4117 harconlyendused
862 4058 996 4118 protectior
1013 4056 1041 4103 of
1059 4056 1241 4104 thefamiliea.”
1281 4056 1359 4104 Thera
1377 4057 1446 4105 iano

242 4126 311 4172 these
319 4122 396 4170 rrords
405 4123 462 4169 thus
470 4122 589 4169 becausel
599 4122 630 4168 do
635 4126 678 4168 not
684 4122 754 4169 know
767 4120 831 4167 what
863 4136 933 4169 sense
943 4122 967 4167 iu
983 4121 1067 4181 saying
1077 4122 1097 4167 it
1106 4122 1128 4167 ia
1139 4126 1155 4147 ‘⁸
1164 4121 1214 4168 sale
1224 4122 1249 4168 in
1260 4121 1302 4169 the
1313 4122 1446 4183 protection

243 4190 318 4237 todo
333 4188 391 4234 with
407 4188 482 4235 thern.
512 4186 600 4241 Baiter.
612 4186 734 4247 following
747 4186 827 4241 Halm,
861 4184 1071 4233 ofitsiarnllics.”
1106 4186 1189 4233 Cicero
1204 4186 1264 4233 ends
1280 4186 1447 4234 thesentence

242 4254 322 4302 writes
330 4260 345 4280 “
353 4254 383 4299 Α.
393 4252 504 4299 Cluentio
513 4252 580 4314 quasi
589 4249 770 4313 aliquosdsos.¹’
789 4250 828 4297 Hs
860 4250 919 4297 with
937 4264 953 4297 a
966 4249 1031 4297 rrord
1047 4249 1125 4296 which
1143 4250 1202 4297 does
1223 4256 1267 4297 not
1287 4266 1383 4313 express
1404 4250 1447 4299 the

243 4320 308 4381 gives
318 4320 386 4366 these
396 4318 491 4364 various
507 4316 631 4377 readings:
659 4322 734 4378 ‘quos
750 4314 826 4369 alios‚'
859 4315 936 4376 safety
946 4314 974 4361 of
982 4314 1025 4361 the
1035 4318 1107 4369 mvn,
1124 4315 1245 4363 forthere
1261 4330 1308 4363 was
1326 4330 1358 4361 no
1370 4315 1446 4363 doubt

242 4385 271 4432 T.
283 4402 289 4441 ς
307 4383 438 4446 ‘quosdam
450 4382 526 4435 sli0s‚’
540 4381 672 4428 Lambinus
682 4380 826 4437 andOrelli;
859 4379 1003 4435 sbouttho,
1011 4378 1185 4441 butexpreeses
1193 4381 1235 4427 the
1246 4381 1294 4427 lact
1304 4380 1368 4427 olits
1375 4380 1447 4441 being

243 4450 333 4505 ‘alios'
350 4449 374 4495 S.
389 4448 418 4495 T.
430 4448 477 4495 and
495 4447 536 4494 the
549 4446 639 4494 edition
650 4446 679 4493 ol
690 4445 826 4501 Ascensius,
860 4444 1003 4506 completely
1026 4443 1166 4491 abandoned
1194 4444 1227 4507 hy
1247 4446 1291 4493 the
1316 4460 1381 4501 men,
1397 4444 1446 4493 and

244 4514 339 4561 Helm's
346 4513 551 4574 conjectursgirea
558 4526 573 4559 a
581 4511 698 4559 sufficient
708 4510 825 4571 meaning.
858 4510 928 4571 pren
940 4524 974 4571 up
984 4509 1085 4572 entirely
1097 4508 1199 4573 (totum)
1210 4516 1237 4558 to
1247 4510 1388 4559 merenies
1398 4510 1447 4559 and

243 4576 287 4625 but
298 4580 351 4627 that
367 4579 425 4625 does
437 4584 480 4626 not
497 4592 570 4639 prore
586 4576 640 4623 that
655 4577 675 4623 it
691 4574 826 4624 lactearu's
859 4574 955 4637 youths.
