3517 5325
716 482 818 551 OAP.
841 487 893 565 26,
910 488 962 553 2⁷.
1378 489 1441 557 447

243 657 314 722 tina
327 676 366 720 sc
379 676 443 719 non
458 655 499 720 de
515 654 705 740 optimorum
720 656 836 720 civium
849 676 965 741 genere
978 655 1169 740 loqueretur.
1193 656 1354 722 XXVII.
1372 658 1443 723 Vos

242 776 327 832 vero,
356 752 510 833 Quirites,
535 750 564 815 si
589 773 640 815 me
663 753 774 816 audire
796 753 904 831 vultis,
928 752 1065 817 retinete
1092 753 1187 817 istam
1210 756 1444 839 possessiouem

242 850 376 936 gratiae,
402 848 571 926 libertatis,
597 849 831 934 suffragiorum,
858 849 1034 933 dignitatis,
1058 850 1168 925 Urbis,
1193 850 1263 928 lori,
1287 851 1441 933 ludorum,

241 951 399 1013 festorum
422 948 553 1024 diemm,
571 954 750 1011 ceterorum
764 948 904 1010 omnium
926 946 1181 1023 commodomm3
1205 948 1266 1012 nisi
1280 948 1363 1014 sorte
1377 972 1445 1015 ma·

241 1046 349 1122 vultis,
373 1044 493 1109 relictis
515 1044 565 1107 bis
587 1046 683 1108 rebus
703 1052 800 1129 atque
821 1044 882 1107 bno
905 1045 975 1107 luce
997 1042 1042 1107 rei
1060 1046 1213 1129 publicae,
1230 1046 1262 1109 in
1279 1046 1445 1133 Sipontina

242 1143 390 1209 siccitate
412 1141 525 1206 autin
549 1141 769 1228 Salapinorutn
790 1142 990 1226 pestilentiae
1011 1142 1126 1205 finibus
1142 1142 1235 1231 Rullo
1253 1144 1334 1207 duee
1349 1144 1444 1207 collo·

244 1243 321 1307 cari.
365 1240 415 1303 At
429 1240 516 1303 dicat
536 1260 617 1324 quos
638 1260 735 1325 agros
754 1253 920 1324 empturus
934 1239 998 1315 sitr
1024 1240 1174 1312 ostendet
1189 1240 1313 1325 etquid
1328 1248 1362 1305 et
1377 1240 1444 1326 qui-

243 1340 304 1403 bus
331 1339 465 1401 daturus
484 1336 537 1402 sit.
583 1337 634 1402 Ut
649 1360 733 1415 vero,
755 1358 853 1422 quum
878 1358 989 1402 omnes
1011 1340 1115 1415 urbes,
1139 1360 1242 1424 agros,
1267 1339 1443 1423 vectigalia,

243 1457 342 1520 regna
362 1433 548 1510 vendiderit,
572 1441 643 1498 tum
668 1455 795 1498 erenum
819 1435 956 1520 aliquam
980 1442 1036 1499 aut
1061 1434 1192 1520 paludes
1218 1442 1313 1513 emat,
1338 1436 1370 1499 id
1390 1456 1445 1499 vos

222 1532 393 1620 potestis,
409 1553 535 1617 quaeso,
553 1532 746 1597 concederet
791 1533 989 1618 Quamquam
1011 1532 1087 1596 illud
1107 1540 1158 1597 est
1173 1530 1343 1619 egregium,
1361 1534 1446 1619 quod

195 1648 209 1667 ·
244 1631 305 1693 hac
328 1630 398 1713 lege
420 1637 497 1694 ante
519 1628 625 1691 omnia
641 1636 786 1705 veneunt,
810 1637 887 1694 ante
911 1630 1063 1715 pecuniae
1086 1640 1245 1717 coguntur
1266 1637 1300 1694 et
1319 1652 1445 1694 coacer-

245 1736 361 1793 vantur
374 1750 470 1813 quam
484 1727 579 1812 gleba
593 1748 657 1791 una
670 1734 804 1791 ematur.
829 1726 954 1791 Deinde
970 1728 1030 1791 emi
1042 1728 1153 1813 jubet:
1177 1729 1218 1792 ab
1233 1728 1332 1792 invito
1347 1735 1444 1793 vetat.

248 1824 374 1905 Quaero
388 1824 414 1888 si
430 1825 483 1910 qui
498 1824 596 1888 uelint
610 1825 745 1888 vendere
766 1846 831 1889 non
852 1824 981 1901 inerint,
998 1826 1074 1909 quid
1096 1826 1249 1911 pecuniae
1264 1826 1339 1889 fietl
1384 1824 1446 1888 Re·

246 1924 329 1986 ferre
343 1922 376 1985 in
390 1922 547 1986 aerarium
569 1922 620 1984 lex
640 1930 749 1987 vetat:
774 1921 858 2006 exigi
873 1922 1032 2007 prohibet.
1079 1922 1182 2007 Igitur
1198 1923 1365 2008 pecuniam
1381 1944 1446 1986 om-

246 2041 320 2083 nem
343 2019 510 2083 decemviri
535 2020 709 2084 tenebunt:
740 2020 830 2084 vobis
854 2041 933 2106 ager
954 2040 1019 2083 non
1046 2028 1178 2084 emetur.
1225 2018 1446 2105 vectigalibus

246 2116 442 2193 abalienatio,
458 2117 553 2181 sociis
567 2117 700 2195 vexatis,
724 2118 853 2202 regibus
873 2124 970 2202 utque
991 2118 1137 2181 omnibus
1151 2116 1302 2201 gentibus
1316 2117 1445 2180 exinan-

246 2213 312 2291 itis,
335 2214 380 2277 illi
402 2216 553 2299 pecuniae
575 2216 747 2294 habebunt,
765 2237 822 2279 vos
843 2236 938 2300 agros
960 2236 1024 2279 non
1047 2214 1215 2279 habebitis.
1262 2214 1381 2290 Facile,
1401 2212 1447 2275 in·

247 2312 326 2398 quit,
341 2312 540 2377 adducentur
554 2313 706 2396 pecuniae
720 2312 939 2397 magnitudine
955 2320 992 2376 ut
1007 2311 1104 2375 velint
1119 2311 1264 2375 vendere.
1306 2309 1395 2393 Ergo
1410 2330 1448 2371 ea

246 2410 298 2474 lex
313 2416 364 2472 est
378 2431 440 2493 qua
453 2418 566 2472 nostra
576 2410 750 2473 vendamus
761 2408 873 2493 quanti
888 2408 1055 2493 possimus,
1068 2408 1171 2471 uliene
1183 2427 1325 2469 emamus
1336 2406 1448 2490 quanti

247 2526 447 2591 possessores
461 2505 570 2568 velint.

292 2600 402 2685 Atque
422 2601 455 2664 in
474 2600 533 2664 bos
546 2622 651 2686 agros,
669 2601 722 2686 qui
744 2601 805 2665 hac
820 2600 892 2684 lege
915 2598 1013 2685 empti
1029 2598 1103 2677 sint,
1120 2598 1260 2664 colonias
1274 2600 1315 2663 ab
1331 2600 1379 2664 his
1394 2600 1449 2664 de-

225 2699 394 2764 cemviris
408 2699 521 2762 deduci
539 2699 643 2782 jubet.
688 2699 781 2780 Quid,
806 2697 949 2760 omnisne
975 2697 1065 2761 locus
1086 2697 1241 2780 ejusmodi
1256 2705 1306 2762 est
1321 2706 1359 2763 ut
1373 2699 1449 2762 nihil

248 2797 375 2861 intersit
396 2797 441 2860 rei
463 2796 609 2881 publicae
632 2795 756 2858 colonia
771 2795 949 2858 deducatur
971 2793 1003 2856 in
1025 2816 1097 2858 eum
1112 2795 1216 2858 locum
1232 2798 1350 2860 necne?
1394 2797 1449 2860 An

250 2902 303 2958 est
328 2894 417 2958 locus
440 2892 493 2979 qui
520 2892 675 2957 coloniam
700 2891 840 2977 postulet
867 2891 934 2977 [eet
954 2891 1047 2976 plene
1070 2891 1189 2955 rectius
1211 2893 1281 2975 et]i
1326 2893 1396 2973 Quo
1416 2894 1449 2957 in

250 3077 293 3126 the
302 3077 386 3127 lowest
395 3082 451 3140 put
464 3077 516 3126 cis
527 3075 604 3138 sbip’s
618 3076 683 3134 bold,
700 3076 779 3124 where
789 3076 832 3124 the
863 3075 969 3124 settled:
989 3079 1004 3104 “
1012 3075 1168 3124 decreverunt
1175 3080 1263 3137 putres,
1274 3081 1302 3126 ut
1313 3077 1349 3126 ld.
1361 3077 1449 3130 iunius

250 3141 504 3203 dirtywstercollects.
529 3141 616 3189 Rullus
624 3140 830 3204 ssidtbe‘plebs'
863 3145 959 3204 prsetor
978 3141 1052 3197 urbis,
1075 3141 1096 3188 si
1113 3141 1135 3187 ei
1154 3141 1282 3200 videretur,
1302 3142 1448 3190 decemviros

249 3214 316 3253 must
326 3206 357 3253 be
368 3207 473 3268 pnmped
487 3211 544 3253 out:
563 3205 593 3253 he
609 3205 685 3268 spois
700 3220 727 3253 ss
741 3205 764 3252 il
773 3205 832 3267 they
863 3220 921 3266 egro
938 3205 1040 3252 Ssmniti
1058 3205 1210 3266 Appuloque,
1222 3205 1287 3268 quod
1302 3207 1354 3267 ejus
1369 3206 1448 3267 publi-

250 3285 313 3318 were
328 3271 369 3318 tbe
388 3271 535 3346 bilge-wuter
551 3271 577 3317 in
594 3270 636 3318 tbe
651 3271 705 3333 sbip
724 3269 751 3316 oi
763 3276 832 3317 state.
865 3285 919 3318 cum
938 3269 1021 3330 populi
1041 3269 1145 3318 Romani
1161 3276 1232 3326 esset,
1252 3271 1373 3318 metiendo
1388 3271 1447 3318 diri-

250 3333 319 3396 They
337 3351 398 3384 were
417 3335 465 3382 hle
482 3337 524 3382 the
539 3335 600 3382 stull'
614 3335 641 3382 in
658 3351 673 3381 a
689 3335 765 3390 dmin,
776 3333 802 3380 in
818 3349 834 3381 s
865 3332 1308 3398 dendoquecrearet”(Livy,3l.c.t).
1322 3335 1449 3397 Sipontum

250 3399 365 3460 cesspoci.
398 3399 445 3447 We
466 3415 507 3447 ure
528 3407 573 3447 not
594 3400 661 3462 quite
677 3414 704 3446 so
720 3399 790 3460 filthy
806 3399 833 3446 iu
864 3398 912 3446 bad
925 3398 984 3445 been
996 3398 1090 3460 already
1102 3398 1189 3446 settled
1201 3398 1286 3460 bytbe
1298 3399 1412 3448 Romans.

250 3477 295 3510 our
305 3464 408 3511 notione.
442 3463 454 3510 1
471 3465 582 3512 recollect
594 3479 627 3512 no
644 3464 716 3510 lower
729 3469 790 3510 term
807 3463 833 3510 in
898 3463 958 3526 quid
971 3465 1088 3521 pecuniae
1099 3463 1180 3525 fieti]
1200 3463 1229 3510 Ε.
1243 3463 1288 3522 F.;
1304 3463 1447 3525 ‘pecunius’

250 3541 295 3574 our
311 3528 427 3589 bugusge
443 3529 502 3576 then
520 3527 623 3591 ‘dregs'
642 3533 668 3575 to
687 3528 775 3590 sigoliy
791 3527 834 3575 the
866 3527 897 3576 G.
910 3529 940 3574 A.
953 3527 1041 3574 Baiter.

251 3606 317 3639 nure
338 3593 414 3648 class3
439 3592 465 3639 in
483 3593 561 3639 which
580 3607 615 3639 ws
633 3607 704 3654 egres
718 3593 776 3639 with
792 3591 834 3639 tbs
900 3591 1018 3652 omnisne]
1040 3590 1078 3637 lle
1092 3591 1148 3637 eslrs
1164 3591 1186 3637 il'
1200 3591 1220 3638 it
1234 3590 1255 3637 is
1271 3605 1302 3638 un
1313 3591 1451 3639 indifferent

251 3654 353 3710 Frencb,
366 3656 419 3702 who
428 3669 469 3716 say
480 3658 518 3703 ‘ls
528 3657 560 3703 lie
570 3657 603 3702 du
613 3656 717 3717 pcepta!
866 3654 937 3715 thing
948 3655 1026 3702 where
1037 3654 1079 3700 the
1090 3655 1174 3716 colony
1186 3654 1206 3700 is
1218 3655 1314 3715 placed;
1332 3655 1379 3702 und
1391 3656 1451 3702 tben

282 3721 324 3772 27.
340 3719 537 3780 suffragiorum]
568 3719 652 3766 Cicero
673 3719 771 3765 exhorta
792 3718 834 3766 the
866 3717 898 3765 he
915 3718 1211 3778 uslrs“istberesplsce
1222 3718 1298 3764 which
1316 3719 1421 3778 requires
1436 3733 1451 3764 s

252 3781 467 3844 ‘plebes'tostuy
478 3784 556 3829 where
565 3783 674 3843 tbeysre
688 3783 735 3828 and
751 3790 777 3828 to
790 3795 833 3828 en-
866 3780 1003 3828 colonis?”
1045 3781 1098 3827 'l'he
1115 3781 1192 3827 words
1214 3781 1291 3826 which
1309 3779 1388 3827 follow
1409 3795 1451 3828 sre

249 3847 291 3908 joy
309 3846 458 3894 themselves.
501 3847 541 3893 lie
560 3846 618 3892 does
637 3851 681 3892 not
702 3845 745 3890 teil
767 3845 834 3891 them
866 3843 1047 3906 unintelligible.
1082 3843 1238 3890 lauredsnus
1247 3845 1336 3890 altered
1347 3844 1389 3891 tbs
1399 3849 1451 3892 tert

251 3909 306 3958 how
322 3910 379 3970 they
398 3923 460 3955 were
476 3914 501 3956 to
523 3910 577 3956 lire.
616 3908 744 3956 Turnebus
762 3908 837 3955 huss
868 3909 940 3954 thus:
959 3913 975 3936 ⁸⁸
984 3911 1022 3954 An
1034 3911 1072 3954 est
1083 3907 1150 3954 locus
1161 3908 1202 3970 qui
1210 3907 1326 3954 colonism
1335 3909 1450 3968 postulet,

250 3974 298 4022 bed
319 3981 377 4021 note
398 3973 462 4019 here.
497 3973 537 4019 He
559 3987 674 4034 supposes
696 3973 749 4019 thet
769 3972 837 4018 thess
867 3976 907 4019 em
923 3971 965 4032 qui
984 3971 1055 4032 plens
1073 3970 1193 4026 recuset,”
1210 3971 1287 4018 which
1308 3971 1389 4018 Baiter
1408 3972 1451 4018 bas

252 4053 308 4086 nien
329 4037 409 4084 would
427 4037 477 4084 lose
498 4037 541 4083 the
558 4036 733 4093 ‘suffrsuiumss
757 4035 836 4082 wbicb
868 4035 972 4098 printed.
1005 4035 1058 4081 The
1074 4035 1207 4082 correction
1223 4036 1244 4082 is
1259 4035 1391 4096 ingenious,
1406 4033 1452 4082 but

251 4103 310 4164 they
319 4101 433 4162 csrtsinly
445 4101 523 4148 would
533 4107 577 4148 not
593 4101 654 4148 beve
664 4101 726 4147 donc
740 4099 763 4146 ir
775 4099 834 4160 they
866 4099 879 4147 1
895 4097 965 4146 dcn't
975 4099 1066 4146 believe
1077 4098 1130 4146 tbst
1141 4100 1161 4146 it
1171 4099 1192 4146 is
1209 4101 1251 4146 tbe
1266 4105 1320 4147 uus
1331 4105 1391 4156 tert,
1402 4099 1451 4146 end

251 4181 313 4214 were
325 4167 411 4214 settled
422 4181 470 4228 ιιι]
481 4165 559 4212 where
570 4166 641 4212 south
653 4165 681 4211 ol
688 4165 731 4212 tbs
744 4165 784 4211 ru
866 4163 985 4211 therefore
998 4163 1009 4210 Ι
1021 4163 1095 4226 reject
1105 4163 1132 4210 it.

285 4229 428 4291 Sipontina]
448 4231 482 4277 As
501 4230 573 4292 Sipus
591 4245 619 4278 or
636 4231 764 4290 Sipontum
785 4241 834 4275 πει
900 4227 983 4275 Cicero
1005 4227 1063 4275 here
1080 4227 1185 4274 reminds
1203 4227 1246 4274 the
1260 4227 1346 4289 pecple
1365 4227 1393 4274 of
1406 4227 1449 4274 the

251 4295 277 4342 iu
288 4295 383 4356 Apulis,
399 4296 447 4341 sud
459 4295 510 4342 also
520 4297 563 4341 tbe
573 4309 675 4356 swsmps
688 4293 716 4340 oi
731 4293 833 4369 wopis,
866 4292 946 4353 object
964 4292 992 4340 ol
1011 4291 1053 4338 the
1074 4291 1114 4338 old
1136 4291 1275 4348 ‘coloniae'
1295 4291 1372 4337 which
1387 4305 1449 4338 were
1539 4331 1543 4339 .

251 4359 301 4408 tbis
313 4374 367 4420 msy
381 4373 445 4406 seem
459 4359 626 4406 confirmation
641 4358 670 4405 of
682 4358 724 4404 tbe
739 4372 834 4418 conjec-
865 4357 999 4414 formasses,
1012 4357 1059 4403 sud
1070 4355 1181 4404 delenoes
1191 4355 1220 4403 ol
1230 4357 1272 4404 the
1285 4356 1378 4403 Romen
1390 4369 1448 4402 cou-

251 4428 306 4472 ture
316 4424 428 4486 Apuliam
441 4423 473 4486 (u
484 4426 525 4480 26,
537 4424 627 4482 notes).
661 4423 711 4470 But
724 4422 773 4469 itis
784 4428 833 4469 not.
867 4429 958 4484 quests.
1000 4421 1039 4468 lle
1061 4421 1118 4468 cells
1140 4420 1222 4468 Nsrbo
1241 4422 1267 4467 in
1291 4419 1368 4469 Gallis
1390 4419 1448 4483 (l’m

252 4489 342 4550 sputi·
362 4503 411 4535 wss
425 4494 468 4535 not
486 4489 519 4534 ull
539 4489 593 4550 dry,
614 4501 660 4535 nor
680 4487 713 4534 ull
734 4501 833 4548 swamp.
866 4485 976 4544 Fonteio,
988 4501 1008 4533 c.
1021 4483 1048 4548 b)
1066 4486 1185 4548 “specula
1203 4485 1288 4548 Populi
1305 4483 1408 4532 Romsni
1423 4487 1450 4531 et

252 4553 331 4602 There
341 4569 389 4601 wss
398 4553 456 4601 lund
466 4553 492 4601 in
505 4553 526 4600 it
536 4552 574 4601 for
584 4551 687 4611 settlers,
698 4551 777 4600 audit
787 4565 835 4598 wss
866 4549 1102 4615 propugnaculum.”
