3517 5325
293 379 356 441 420
555 372 690 438 ORAT.
716 371 762 437 ΙΙ.
787 371 850 436 DE
876 371 999 437 LEGE
1023 373 1238 440 AGRARIA

293 547 436 626 lationes,
462 544 524 631 qui,
548 567 643 631 quum
666 544 773 631 populi
791 567 854 608 non
869 544 970 609 solum
987 547 1162 624 commoda,
1180 569 1289 611 vemm
1304 547 1404 612 etiam
1419 547 1507 612 salu-

292 653 358 710 tem
381 651 566 730 oppugnant
580 651 614 707 et
629 643 814 728 impediunt,
836 643 980 706 oratione
1003 645 1128 730 assequi
1144 647 1255 709 volunt
1275 654 1313 710 ut
1330 647 1507 732 populares

293 765 364 807 esse
388 743 562 806 videantur.
611 741 683 827 Ego
710 727 835 826 qualdm
863 741 1019 805 Kalendis
1041 742 1206 808 Januariis
1227 746 1407 830 acceperim
1432 766 1505 808 rem

293 841 459 929 publicam,
476 840 626 920 Quirites,
644 841 804 926 intelligo;
828 840 953 925 plenam
969 841 1199 918 sollicitudinis,
1215 844 1341 928 plenam
1355 843 1499 917 timoris;

294 943 325 1005 in
342 963 405 1026 qua
421 941 497 1004 nibil
512 948 583 1004 erat
598 940 682 1016 mali,
707 939 783 1002 nihil
803 939 937 1016 adversi,
963 941 1047 1025 quod
1066 963 1129 1004 non
1144 942 1219 1004 boui
1233 951 1424 1018 metuerent,
1440 943 1500 1005 im-

293 1039 384 1125 probi
408 1043 641 1122 exspectarent.
688 1035 803 1100 Omnia
829 1036 1014 1100 turbulenta
1036 1039 1167 1102 consilia
1196 1047 1309 1103 contra
1337 1041 1421 1102 bunc
1451 1039 1499 1103 rei

293 1137 438 1223 publicae
453 1143 575 1200 statum
591 1143 625 1200 et
639 1143 751 1199 contra
767 1134 866 1198 otium
881 1143 1022 1198 vestrum
1037 1137 1154 1222 partim
1169 1137 1249 1214 iniri,
1270 1137 1388 1222 partim
1403 1137 1499 1202 nobis

293 1236 475 1299 consulibus
491 1234 666 1318 designatis
688 1233 768 1297 inita
790 1254 860 1297 esse
883 1233 1080 1299 dicebantur.
1127 1235 1261 1300 Sublata
1281 1245 1352 1300 erat
1368 1236 1409 1299 de
1425 1236 1497 1300 loro

292 1333 372 1397 fides
397 1355 461 1396 non
485 1332 550 1396 ictu
573 1332 677 1417 aliquo
701 1352 799 1394 novae
823 1330 1024 1409 calamitatis,
1042 1333 1099 1396 sed
1121 1333 1298 1419 suspicione
1316 1355 1355 1396 ac
1369 1341 1496 1418 pertur-

293 1432 423 1496 batione
440 1431 639 1514 judiciorum,
657 1427 869 1492 infirmatione
892 1451 998 1492 rerum
1013 1429 1246 1514 judicatarum:
1271 1453 1371 1494 novae
1394 1432 1495 1495 domi-

293 1529 449 1605 nationes,
468 1527 719 1592 extraordinaria
739 1548 801 1590 non
826 1526 959 1612 imperia
977 1528 1034 1590 sed
1051 1551 1150 1613 regna
1164 1529 1271 1613 quaeri
1285 1530 1495 1615 putabantur.

295 1627 357 1692 IV.
383 1629 471 1708 Quae
495 1649 592 1712 quum
615 1649 673 1712 ego
700 1649 763 1690 non
787 1625 888 1691 solum
911 1626 1099 1712 suspicarer,
1125 1629 1182 1691 sed
1205 1629 1298 1714 plane
1320 1651 1493 1706 cernerem,

292 1749 394 1812 neque
418 1727 501 1789 enim
523 1727 657 1788 obscure
679 1725 879 1810 gerebantur,
897 1725 962 1788 dixi
984 1725 1016 1788 in
1039 1734 1153 1790 senatu
1173 1728 1205 1790 in
1226 1727 1287 1792 boc
1304 1727 1495 1812 magistratu

291 1845 342 1887 me
368 1825 550 1908 popularem
574 1822 734 1885 consulem
759 1824 912 1886 futurum.
958 1822 1042 1902 Quid
1064 1825 1148 1888 enim
1174 1832 1226 1889 est
1248 1833 1315 1890 tam
1341 1827 1495 1912 populare

292 1943 386 2008 quam
401 1923 486 2005 paxi
508 1939 570 2005 qua
586 1941 648 1982 non
663 1920 757 1983 modo
773 1920 794 1982 ii
810 1921 926 2004 quibus
940 1930 1056 1984 natura
1070 1943 1197 1986 sensum
1212 1923 1310 1999 dedit,
1324 1925 1380 1988 sed
1394 1925 1494 1988 etiam

291 2026 382 2084 tecta
404 2031 500 2103 atquc
522 2017 591 2103 agri
612 2017 688 2080 urihi
713 2016 823 2081 laetari
839 2019 996 2083 videntur.
1042 2021 1125 2101 Quid
1143 2029 1210 2085 tam
1231 2023 1383 2107 populare
1398 2045 1494 2108 quam

291 2117 443 2181 libertast
465 2138 558 2201 quam
583 2137 645 2178 non
670 2114 771 2178 solum
795 2115 836 2178 ab
862 2116 1052 2195 hominibus,
1080 2140 1186 2182 verum
1213 2119 1310 2183 etiam
1335 2143 1355 2184 a
1380 2121 1493 2185 bestiis

291 2215 398 2301 expeti
418 2222 514 2299 atque
530 2214 674 2276 omnibus
692 2213 787 2276 rebus
807 2214 959 2298 anteponi
974 2214 1098 2279 videtis.
1144 2215 1227 2296 Quid
1246 2225 1313 2281 tam
1339 2219 1493 2305 populare

291 2336 384 2400 quam
401 2313 521 2376 otium!
543 2313 628 2398 quod
650 2311 697 2376 ita
716 2312 893 2396 jucundum
908 2323 958 2375 est
973 2319 1011 2377 ut
1025 2319 1059 2377 et
1074 2335 1130 2377 vos
1145 2323 1179 2378 et
1192 2316 1330 2400 majores
1344 2317 1441 2381 vestri
1456 2327 1493 2381 et

290 2411 481 2477 fortissimus
502 2411 633 2497 quisque
648 2409 695 2474 vir
717 2409 874 2474 maximos
897 2409 1023 2474 labores
1042 2412 1259 2497 suscipiendos
1277 2423 1370 2499 putet
1384 2423 1421 2478 ut
1435 2414 1492 2478 ali·

290 2511 414 2595 quando
430 2511 462 2572 in
477 2511 543 2574 otio
559 2509 661 2595 possit
680 2530 758 2588 esse,
785 2509 971 2593 praesertim
987 2508 1019 2571 in
1034 2509 1164 2594 imperio
1184 2533 1222 2574 ac
1238 2511 1413 2597 dignitate:
1438 2513 1492 2599 qui

289 2607 409 2673 idcirco
433 2608 528 2673 etiam
558 2607 730 2693 majoribus
761 2605 878 2671 nostris
907 2607 1109 2694 praecipuam
1138 2609 1264 2675 laudem
1292 2611 1491 2698 gratiamque

290 2707 449 2784 debemus
463 2707 546 2792 quod
559 2728 668 2770 eorum
680 2706 786 2769 labore
801 2704 985 2769 estfactum
1000 2706 1048 2770 uti
1064 2706 1189 2791 impune
1203 2707 1235 2770 iu
1251 2709 1318 2773 otio
1334 2732 1403 2773 esse
1418 2732 1490 2795 pos·

289 2827 405 2869 semus.
453 2804 558 2884 Quare
574 2805 627 2889 qui
643 2826 771 2889 possum
794 2824 856 2865 non
879 2824 949 2866 esse
971 2804 1140 2889 popularia,
1157 2827 1253 2890 quum
1269 2807 1392 2871 videam
1411 2809 1492 2873 haec

290 2903 403 2978 omnia,
421 2902 571 2982 Quirites,
593 2924 704 2987 pacem
723 2908 896 2977 externam,
921 2900 1101 2965 libertatem
1121 2904 1282 2989 propriam
1303 2907 1429 2991 generis
1451 2929 1491 2971 ac

290 3002 424 3065 nominis
439 3002 545 3079 vestri,
563 3002 663 3064 otium
685 2997 904 3075 domesticum,
928 2999 1062 3086 denique
1084 3002 1198 3078 omnia,
1218 3026 1299 3087 quae
1314 3004 1402 3067 vobis
1416 3027 1494 3070 cara

289 3108 386 3184 atque
406 3099 510 3184 ampla
533 3106 618 3171 sunt,
635 3096 666 3159 in
692 3096 787 3158 fidem
811 3102 844 3158 et
869 3097 1006 3180 quodam
1029 3100 1125 3162 modo
1148 3099 1180 3161 in
1198 3102 1410 3185 patrocinium
1428 3104 1492 3167 ruei

290 3195 474 3260 consulatus
498 3216 568 3257 esse
590 3193 726 3257 collata?
771 3192 884 3277 Neque
903 3194 996 3269 enim,
1014 3196 1164 3276 Quirites,
1180 3198 1255 3261 illud
1270 3201 1359 3264 vobis
1376 3202 1491 3285 jucun·

290 3293 366 3355 dum
391 3299 449 3354 aut
472 3290 623 3374 populare
650 3291 745 3353 debet
769 3290 876 3369 videri,
902 3290 1028 3377 largitio
1047 3294 1152 3379 aliqua
1174 3298 1384 3384 promulgata,
1409 3322 1490 3385 quae

289 3388 392 3452 verbis
418 3388 572 3451 ostentari
599 3394 717 3472 potest,
745 3409 779 3450 re
805 3410 879 3451 vera
905 3388 973 3453 fieri
996 3391 1056 3455 nisi
1080 3394 1235 3458 exhausto
1257 3398 1381 3461 aerario
1403 3400 1490 3464 nullo

289 3494 385 3572 pacto
401 3492 518 3571 potest.
565 3484 676 3571 Neque
690 3506 764 3549 vero
780 3486 831 3549 illa
846 3487 1009 3572 popularia
1024 3498 1099 3555 sunt
1114 3492 1333 3574 existimanda,
1353 3497 1489 3580 judicio-

289 3606 359 3648 rum
388 3583 653 3670 perturbationes,
683 3605 787 3647 rerum
813 3585 1029 3670 judicatarum
1058 3587 1295 3670 infirmationes,
1326 3594 1489 3660 restitutio

321 3759 500 3821 qualern-rena
506 3759 652 3821 publicam]
662 3758 823 3807 Healludasin
830 3760 872 3807 ths
904 3760 933 3808 of
941 3776 996 3809 man
1007 3777 1048 3809 are
1058 3767 1107 3811 two
1117 3779 1200 3813 namu
1210 3766 1288 3814 nhiclr
1299 3766 1369 3815 differ
1379 3783 1405 3816 aa
1416 3768 1489 3817 much

288 3823 409 3885 following
425 3823 593 3871 wordstotba
609 3823 704 3884 designa
721 3824 748 3870 oi
761 3824 870 3883 Catilina,
903 3825 929 3871 in
952 3828 1063 3888 meaning
1086 3843 1112 3875 aa
1134 3844 1180 3892 any
1202 3836 1249 3879 two
1271 3832 1382 3879 different
1403 3834 1489 3881 worda.

287 3894 314 3937 to
334 3888 377 3935 the
393 3888 477 3936 failura
491 3889 518 3935 oi
533 3889 608 3936 credit
625 3890 702 3950 partly
719 3889 798 3949 owing
814 3894 839 3936 to
856 3904 871 3936 a
904 3889 954 3936 But
964 3891 1068 3953 perhaps
1080 3892 1164 3941 Cicero
1178 3895 1218 3942 did
1232 3905 1276 3943 not
1288 3899 1355 3943 write
1369 3897 1411 3944 the
1427 3914 1489 3945 non-

287 3954 383 4015 general
394 3954 513 4001 insolvent
523 3960 562 4000 act
575 3953 661 4016 (novae
678 3952 786 4016 tabulae)
799 3953 871 4014 being
902 3968 973 4001 aenae
990 3958 1116 4004 contained
1131 3959 1157 4005 in
1176 3960 1218 4007 the
1236 3962 1315 4009 words
1330 3962 1421 4013 “Quid
1438 3970 1490 4010 tam

286 4018 367 4065 talked
385 4018 418 4073 of,
435 4028 460 4065 to
477 4018 518 4065 the
534 4018 584 4065 Iex
602 4017 631 4065 oi
646 4018 740 4073 Rullus,
752 4018 799 4064 and
813 4032 869 4080 pro·
903 4019 1490 4083 populare-anteponividetis,”fortbesearorda

286 4080 358 4144 bably
371 4098 442 4144 many
459 4084 528 4129 other
543 4082 632 4143 things,
649 4082 724 4129 about
740 4082 817 4129 ulrich
834 4096 870 4130 we
903 4098 943 4130 ara
954 4086 1056 4132 omitted
1065 4087 1090 4133 in
1102 4088 1143 4134 the
1154 4095 1207 4135 tert
1222 4090 1251 4136 ol'
1265 4091 1309 4137 E.:
1328 4092 1396 4138 “sed
1406 4093 1432 4138 in
1448 4107 1489 4139 an·

286 4154 381 4193 uenot
392 4148 458 4208 quite
469 4147 566 4195 certain.
902 4162 986 4209 premo
1012 4152 1119 4211 margine
1147 4152 1178 4199 ab
1200 4155 1291 4211 adem,
1314 4164 1342 4202 ut
1364 4156 1490 4205 Wundero
1519 4156 1526 4171 “

318 4214 342 4259 d.
360 4213 415 4257 diei
426 4214 451 4258 in
461 4212 559 4273 acuatu]
580 4212 610 4258 ln
621 4210 663 4258 the
673 4210 762 4258 former
773 4210 869 4273 apeecb,
903 4212 1005 4271 videtur,
1025 4230 1098 4262 mauu
1117 4219 1301 4278 scriptum&
1310 4221 1352 4281 qui
1375 4220 1489 4269 idcirco?

285 4273 331 4321 but
341 4276 384 4321 the
395 4291 493 4337 passage
504 4276 525 4323 ia
536 4276 590 4322 lost.
904 4280 920 4304 ‘¹
928 4278 986 4338 quin
995 4279 1130 4341 Madvigius
1139 4282 1188 4343 (ap.
1199 4282 1351 4347 Ussingium)
1361 4284 1386 4331 :”
1400 4286 1489 4333 Baiter.

321 4340 386 4395 Quid
397 4343 459 4387 enim
475 4348 510 4388 eat
528 4346 578 4387 iam
590 4338 724 4401 populare]
744 4338 803 4387 This
819 4340 871 4389 isa
904 4342 970 4393 ‘Qui
981 4343 988 4365 ³
999 4343 1041 4390 has
1052 4360 1084 4391 no
1096 4345 1171 4393 direct
1182 4350 1361 4396 antecedentia
1377 4349 1420 4397 the
1432 4365 1489 4397 aeu-
1521 4340 1525 4348 ¹

284 4402 410 4449 rhetorical
426 4420 524 4465 passage
542 4405 567 4451 in
587 4404 693 4452 Cicero's
712 4410 784 4451 norst
801 4405 869 4465 style.
903 4410 989 4464 tenoe;
1007 4408 1052 4456 but
1063 4410 1076 4457 Ι
1088 4410 1122 4456 let
1133 4412 1153 4457 it
1164 4412 1242 4459 stand.

284 4465 337 4513 Tha
358 4468 444 4530 liberty
461 4469 489 4516 os
505 4469 546 4517 tho
563 4468 631 4517 baast
648 4466 696 4514 aud
717 4468 759 4516 the
783 4468 870 4532 liberty
929 4473 1084 4531 judiciorum
1097 4477 1317 4539 peremturum]
1338 4476 1489 4527 Hisbearua
