3517 5325
318 418 361 479 24
651 418 786 485 ORAT.
810 418 903 483 PRO
933 416 973 482 P.
996 414 1195 500 QUINTIO

318 587 371 675 qui
386 610 443 673 pro
459 587 565 673 capite
580 588 700 653 diceret
715 589 742 653 is
757 588 933 672 posteriore
943 588 1014 651 loco
1026 587 1157 664 diceret,
1173 607 1242 665 uos,
1259 584 1403 651 inaudita
1417 587 1528 651 crimis

320 686 449 749 natione
467 694 698 765 accusatorum,
722 685 827 771 priore
852 686 922 748 loco
947 706 1093 748 caussam
1117 684 1222 747 dicere
1246 684 1406 769 intelligis.
1452 684 1524 747 Eos

319 804 421 869 porro,
449 782 502 868 qui
528 783 695 846 defendere
722 789 924 861 consuerunt,
951 782 1040 845 vides
1068 803 1238 844 accusare:
1267 788 1301 845 et
1326 804 1364 845 ea
1394 782 1523 865 ingenia

319 880 461 944 converti
489 881 530 943 ad
559 879 738 963 perniciem,
766 900 846 963 quae
875 884 973 941 antea
992 877 1201 941 versabantur
1230 877 1263 939 in
1292 877 1395 941 salute
1423 886 1522 961 atque

319 976 437 1040 auxilio
451 976 592 1039 ferendo.
639 975 722 1038 lllud
734 974 830 1039 etiam
845 975 1019 1052 restiterat,
1032 974 1117 1058 quod
1132 974 1281 1037 hesterno
1298 974 1349 1037 die
1364 974 1520 1049 fecerunt,

318 1080 357 1136 ιιι
381 1080 415 1136 te
440 1072 474 1136 in
499 1074 553 1157 jus
576 1072 779 1149 adducerent,
804 1078 842 1134 ut
869 1071 962 1134 nobis
990 1078 1118 1154 tempus
1145 1092 1240 1155 quam
1269 1071 1323 1134 diu
1344 1070 1522 1135 diceremus

318 1170 564 1255 praestitueres3
590 1191 682 1254 quam
697 1190 765 1232 rem
774 1168 865 1231 facile
874 1190 894 1231 a
904 1174 1052 1253 praetore
1067 1167 1302 1252 impetrassent,
1313 1167 1374 1231 nisi
1383 1174 1420 1231 tu
1435 1169 1522 1252 quod

319 1273 406 1330 esset
435 1273 526 1330 tuum
547 1266 602 1349 jus
635 1273 668 1331 et
699 1266 835 1329 officium
868 1271 1039 1349 partesque
1068 1264 1241 1328 docuisses.
1287 1263 1398 1349 Neque
1427 1265 1521 1328 nobis

319 1362 423 1426 adhuc
452 1372 580 1447 praeter
608 1370 641 1427 te
671 1362 839 1447 quisquam
867 1361 938 1438 fuit,
968 1360 1024 1423 ubi
1052 1367 1198 1424 nostrum
1220 1362 1276 1444 jus
1307 1370 1421 1425 contra
1450 1361 1520 1424 illos

319 1459 552 1535 obtineremus;
576 1482 679 1545 neque
704 1459 765 1523 illis
794 1479 943 1542 umquam
972 1457 1137 1521 satisfuit
1165 1457 1242 1521 illud
1268 1458 1412 1521 obtinere
1435 1458 1520 1543 quod

318 1556 444 1641 probari
470 1556 614 1621 omnibus
638 1563 756 1641 posset.
801 1555 855 1618 Ita
871 1554 940 1617 sine
965 1552 1079 1637 injuria
1099 1554 1276 1638 potentiam
1299 1554 1399 1617 levem
1421 1564 1520 1641 atque

319 1653 446 1737 inopem
461 1674 529 1715 esse
544 1653 748 1715 arbitrantur.
794 1651 841 1715 X.
866 1650 989 1714 Verum
1008 1650 1157 1739 quoniam
1178 1650 1238 1714 tibi
1261 1650 1362 1715 instat
1377 1650 1519 1715 Horten-

319 1748 387 1813 sius
412 1754 450 1811 ut
474 1770 528 1811 eas
554 1748 586 1810 in
610 1748 794 1821 consilium
819 1768 840 1810 a
862 1769 913 1811 me
936 1748 1136 1832 postuletne
1156 1746 1290 1811 dicendo
1312 1755 1439 1832 tempus
1463 1750 1519 1811 ab·

320 1865 464 1917 sumam;
499 1844 642 1928 queritur
669 1843 774 1928 priore
798 1850 932 1927 patrono
958 1865 1103 1907 caussam
1132 1843 1320 1907 defendente
1346 1866 1520 1929 numquam

318 1940 459 2025 perorari
481 1941 644 2025 potuisse;
669 1962 732 2002 non
754 1940 860 2025 patiar
882 1939 978 2004 istam
994 1962 1122 2003 manere
1143 1940 1362 2025 suspicionem,
1379 1963 1519 2004 nosram

317 2037 453 2121 judicari
468 2037 571 2111 nolle;
597 2059 655 2101 nec
670 2036 747 2100 illud
762 2036 837 2099 mihi
860 2038 1016 2121 arrogabo
1031 2058 1082 2100 me
1096 2058 1190 2122 posse
1213 2059 1359 2101 caussam
1381 2059 1519 2101 commo-

320 2134 392 2197 dius
406 2134 623 2199 demoustrare
643 2155 738 2219 quam
761 2140 857 2197 antea
879 2133 1098 2197 demonstrata
1123 2134 1187 2197 sit:
1211 2156 1312 2218 neque
1327 2141 1437 2197 tamen
1450 2142 1519 2197 tam

319 2231 420 2294 multa
434 2232 530 2295 verba
544 2231 668 2309 faciam,
689 2238 859 2315 propterea
873 2232 957 2315 quod
972 2238 1006 2295 et
1020 2232 1062 2294 ab
1077 2230 1139 2309 illo,
1156 2232 1210 2316 qui
1224 2238 1300 2295 ante
1314 2231 1406 2309 dixit,
1422 2232 1519 2295 infor·

320 2335 407 2392 mata
414 2329 482 2412 jam
493 2350 605 2392 caussa
615 2335 674 2405 est,
688 2336 818 2405 etame,
832 2327 885 2411 qui
895 2349 996 2411 neque
1007 2328 1190 2411 excogitare
1201 2349 1304 2412 neque
1313 2328 1519 2413 pronuntiare

319 2424 420 2490 multa
443 2446 582 2511 possum,
599 2425 738 2489 brevitas
761 2423 952 2509 postulatur,
974 2446 1055 2509 quae
1081 2424 1225 2488 mihimet
1249 2425 1310 2509 ipsi
1328 2424 1519 2489 amicissima

319 2528 380 2587 est.
440 2521 572 2585 Faciam
611 2522 696 2606 quod
731 2529 765 2585 te
802 2542 898 2605 saepe
934 2521 1142 2584 animadverti
1167 2521 1298 2604 facere,
1341 2521 1516 2586 Hortensi:

319 2626 423 2684 totam
449 2640 579 2684 caussae
604 2640 694 2684 meae
718 2618 890 2683 dictionem
913 2626 1017 2682 certas
1035 2617 1068 2681 in
1089 2628 1198 2704 partes
1223 2618 1370 2683 dividam.
1416 2618 1465 2683 Tu
1484 2619 1518 2683 id

319 2737 443 2802 semper
456 2716 543 2794 facis,
568 2717 642 2802 quia
661 2738 785 2802 semper
799 2723 901 2801 potes.
947 2715 1019 2800 Ego
1034 2714 1066 2778 in
1082 2715 1142 2779 hac
1158 2738 1271 2779 caussa
1283 2715 1407 2795 faciam,
1423 2739 1518 2802 prop-

317 2819 407 2877 terea
430 2813 513 2898 quod
532 2814 565 2876 in
590 2813 650 2877 hac
666 2813 775 2878 videor
796 2834 892 2898 posse
914 2812 1029 2876 facere.
1075 2812 1169 2893 Quod
1192 2813 1250 2876 tibi
1269 2820 1384 2876 natura
1403 2814 1459 2877 dat
1479 2823 1519 2878 ut

217 2909 220 2916 “
318 2931 442 2994 semper
466 2911 578 2995 possis,
595 2911 627 2973 id
642 2911 718 2973 mihi
744 2931 857 2974 caussa
880 2909 1028 2972 concedit
1052 2915 1090 2972 ut
1112 2909 1206 2973 bodie
1227 2909 1358 2994 possim.
1402 2909 1518 2974 certos

318 3006 395 3070 mibi
409 3007 489 3070 fiaes
512 3007 726 3091 terminosque
749 3006 952 3082 constituam,
968 3011 1061 3068 extra
1076 3027 1156 3090 quos
1177 3006 1286 3090 egredi
1309 3027 1372 3068 uon
1387 3005 1516 3090 possim,

317 3102 344 3166 si
367 3102 504 3166 maxime
525 3101 638 3174 velim;
662 3109 701 3164 ut
724 3101 857 3165 etmihi
883 3102 927 3166 sit
949 3101 1147 3186 propositum
1176 3101 1216 3165 de
1245 3123 1307 3186 quo
1335 3102 1459 3175 dicam3
1483 3113 1518 3167 et

319 3197 514 3262 Hortensius
536 3198 655 3262 habeat
674 3197 820 3282 exposita
842 3198 884 3261 ad
907 3219 988 3283 quae
1003 3199 1202 3282 respondeat,
1219 3205 1253 3261 et
1267 3206 1313 3275 tu,
1332 3199 1368 3262 0.
1385 3198 1515 3284 Aquilli,

315 3296 384 3378 jam
407 3301 483 3356 ante
506 3293 610 3356 animo
636 3294 817 3379 prospicere
839 3294 941 3377 possis
964 3295 1078 3379 quibus
1101 3294 1142 3357 de
1163 3295 1257 3357 rebus
1278 3295 1444 3360 auditurus
1462 3297 1518 3360 sis.

321 3391 482 3472 Negamus
506 3395 539 3454 te
565 3390 648 3452 bona
672 3389 711 3452 P.
737 3389 868 3469 Quintii,
891 3391 966 3454 Sex.
995 3389 1108 3470 Naevi,
1138 3391 1317 3476 possedisse
1343 3413 1384 3454 ex
1413 3393 1518 3456 edicto

319 3485 491 3574 praetoris:
532 3485 570 3548 In
590 3507 628 3549 eo
649 3485 776 3570 sponsio
791 3486 876 3550 facta
896 3494 956 3549 est.
1001 3486 1178 3551 Ostendam
1195 3487 1348 3572 primum,
1374 3511 1519 3553 caussam

318 3607 381 3648 non
396 3583 494 3646 fuisse
509 3605 565 3646 cur
578 3605 599 3646 a
612 3590 760 3668 praetore
779 3581 957 3667 postulares
971 3591 1009 3648 ut
1023 3585 1108 3648 bona
1128 3585 1168 3648 P.
1185 3585 1307 3666 Quintii
1321 3586 1515 3670 possideres:

353 3785 391 3832 1⁰.
404 3796 444 3830 ers
451 3781 477 3828 ιἰι
485 3779 637 3840 confilium]
656 3777 736 3826 when
743 3775 786 3824 the
793 3791 847 3826 case
854 3793 902 3826 was
935 3779 1093 3844 (informata),
1102 3795 1130 3828 so
1138 3780 1192 3828 that
1200 3781 1284 3830 Cicero
1295 3779 1366 3828 could
1373 3780 1405 3829 ba
1414 3780 1519 3828 brief.-

318 3847 400 3906 heard,
412 3846 454 3893 tha
472 3844 489 3894 J
490 3844 553 3892 udex
569 3842 658 3891 retired
669 3847 694 3890 ιο
707 3841 836 3890 deliberate
845 3843 903 3890 witb
934 3843 1036 3892 ‘faciam
1044 3845 1109 3907 quod
1119 3851 1152 3902 ta,
1162 3849 1206 3892 &a
1216 3845 1237 3893 ι’
1255 3859 1295 3893 see
1305 3845 1361 3894 Vol.
1369 3845 1391 3892 1.
1402 3845 1484 3894 Diria.
1496 3860 1517 3892 c.

319 3911 357 3960 bis
368 3925 492 3966 assessore,
503 3907 557 3956 who
572 3908 598 3955 iu
614 3907 663 3954 this
679 3921 733 3954 esse
748 3921 810 3954 were
825 3907 902 3955 three.
936 3909 974 3956 14.

319 3975 472 4030 Hortensius,
484 3988 537 4034 says
548 3972 640 4027 Cicero,
651 3971 725 4032 urged
740 3970 789 4017 him
806 3975 833 4018 ιο
849 3971 903 4032 give
967 3971 1268 4034 Nequam-pondisse]
1285 3972 1519 4021 Herebestatestba

316 4039 450 4100 judgment.
483 4037 531 4086 We
541 4051 580 4084 aee
592 4036 653 4082 from
670 4035 735 4082 what
748 4034 839 4081 follows
847 4035 903 4081 that
933 4033 1006 4090 ἰιιιιιο,
1018 4035 1096 4082 which
1111 4051 1160 4084 was
1176 4035 1283 4084 whether
1301 4037 1345 4084 tlte
1361 4041 1476 4097 property
1493 4035 1522 4081 of

318 4103 361 4150 tbe
377 4118 430 4150 ease
449 4100 498 4148 had
516 4099 578 4148 besu
597 4099 671 4146 heard
689 4098 778 4154 before,
797 4097 841 4144 but
859 4097 902 4144 the
934 4098 1108 4148 Quintiushad
1119 4099 1180 4147 been
1191 4097 1519 4162 poasessedornotlawfully

317 4167 442 4213 advocatas
453 4165 500 4212 had
511 4179 583 4211 never
593 4161 696 4210 finishsd
706 4161 769 4208 their
780 4160 902 4222 speeches.
936 4159 978 4220 (ex
992 4161 1071 4211 edicto
1085 4164 1221 4226 praetoris).
1253 4165 1295 4211 all
1306 4163 1359 4210 that
1373 4161 1456 4209 Cicero
1468 4161 1518 4208 had

318 4229 452 4276 Advocates
471 4227 519 4274 will
540 4228 626 4288 always
643 4225 693 4272 talk
710 4239 776 4272 moro
793 4223 867 4271 about
887 4239 903 4271 a
935 4229 961 4271 to
978 4240 1110 4286 prorem
1125 4229 1180 4275 that
1198 4227 1304 4275 Naevius
1320 4225 1367 4272 had
1384 4229 1427 4270 not
1443 4224 1517 4271 taken

319 4297 405 4338 matter
424 4292 484 4338 thau
501 4305 548 4351 any
566 4289 668 4338 seuaible
687 4303 743 4334 man
762 4303 806 4334 can
829 4301 869 4335 aee
887 4303 903 4334 a
933 4291 1069 4348 possession
1085 4291 1113 4339 of
1126 4293 1168 4339 tbe
1183 4296 1298 4353 property
1313 4287 1518 4344 otorantinam

318 4368 402 4401 reason
421 4355 467 4400 for.
506 4353 590 4401 Cicero
604 4368 659 4415 says
677 4353 731 4399 that
749 4352 791 4399 tha
813 4351 901 4399 former
933 4351 1211 4404 tbstbcbadnottakeu
1220 4352 1388 4416 possessionis
1397 4352 1457 4399 surh
1464 4367 1517 4414 way

317 4415 901 4478 advocateonuintius‚M.Junius,hadslready
932 4430 959 4463 aa
977 4417 1020 4466 the
1038 4419 1143 4469 edictum
1160 4417 1279 4481 required.
1313 4416 1359 4466 Sao
1377 4415 1420 4464 the
1436 4417 1517 4478 Argu·

317 4479 395 4530 mad
407 4479 448 4529 the
458 4492 520 4537 csse,
530 4483 576 4542 put
586 4480 607 4528 it
622 4480 648 4528 fn
663 4478 754 4528 outline
769 4479 818 4528 sud
836 4479 900 4529 form
931 4485 1006 4530 ment.
