3517 5325
729 473 830 541 OAP.
853 475 949 544 5-7.
1377 479 1435 544 169

232 664 294 729 que
319 643 487 719 sociomm,
513 641 567 728 qui
592 641 786 708 Gallicorum
809 643 964 708 bellorum
989 642 1129 729 pericula
1153 643 1270 730 populo
1294 642 1437 710 Romano

232 742 394 826 copiisque
415 742 512 804 remis
534 749 800 826 compensarunt3
825 750 877 806 est
898 749 1064 826 praeterea
1078 763 1227 806 numerus
1242 743 1357 806 civium
1372 742 1437 806 Ro·

232 861 399 903 manorum
412 847 511 922 atque
525 837 688 900 hominum
707 838 1012 902 honestissimorum.
1059 836 1122 900 VI.
1146 837 1233 902 Huic
1249 840 1436 922 provinciae,

234 957 316 1021 quae
341 957 381 998 ex
403 936 464 998 hac
489 935 632 1020 gentium
657 934 812 998 varietate
837 943 1012 1013 constaret,
1039 935 1087 1000 M.
1108 935 1272 1013 Fonteius,
1297 945 1331 1000 ut
1359 937 1435 1014 dixi,

233 1032 391 1118 praefuit:
416 1032 469 1116 qui
484 1039 576 1096 erant
590 1033 699 1096 hostes
712 1032 862 1117 subegit;
887 1033 940 1117 qui
963 1031 1099 1118 proximi
1120 1033 1257 1106 luerent,
1273 1052 1328 1096 eos
1344 1053 1383 1095 ex
1399 1031 1437 1096 iis

234 1130 321 1216 agris
340 1129 455 1214 quibus
477 1136 569 1192 erant
589 1128 735 1193 mulctati
757 1130 910 1193 decedere
933 1129 1058 1213 coegit;
1092 1127 1217 1202 ceteris,
1243 1127 1296 1212 qui
1319 1127 1437 1194 idcirco

234 1227 360 1313 magnis
374 1249 469 1310 saepe
483 1235 576 1290 eraut
590 1226 680 1290 bellis
699 1227 840 1311 superati
860 1235 899 1292 ut
916 1248 1042 1312 semper
1056 1226 1173 1311 populo
1189 1227 1334 1290 Romano
1350 1249 1437 1311 pars·

234 1331 316 1401 rent,
333 1345 466 1408 magnos
479 1322 643 1406 equitatus
656 1322 698 1385 ad
711 1343 750 1386 ea
764 1323 847 1386 bella
860 1345 943 1408 quae
958 1330 1027 1386 tum
1042 1323 1074 1385 in
1090 1329 1162 1388 toto
1180 1323 1257 1386 orbe
1277 1331 1438 1388 terrarum

235 1443 256 1484 a
269 1420 383 1505 populo
402 1420 547 1484 Romano
568 1421 773 1504 gerebantur,
794 1441 929 1504 magnas
951 1419 1101 1504 pecunias
1124 1420 1164 1482 ad
1187 1441 1296 1483 eorum
1318 1419 1437 1504 stipen-

235 1518 331 1592 dium,
345 1516 519 1580 maximum
532 1515 682 1579 frumenti
696 1537 860 1578 numerum
874 1515 917 1578 ad
933 1514 1150 1600 Hispaniense
1168 1515 1285 1578 bellum
1300 1515 1437 1592 toleran-

235 1710 269 1773 in
282 1732 317 1772 re
331 1733 395 1774 non
409 1709 608 1788 interfuistis,
621 1730 766 1773 caussam
780 1731 844 1772 una
858 1731 931 1772 cum
946 1709 1063 1794 populo
1076 1708 1221 1772 Romam
1233 1709 1436 1795 cognoscitis.

179 1875 186 1886 .
235 1806 358 1870 Dicunt
380 1813 494 1870 contra
512 1806 627 1890 quibus
647 1805 844 1869 invitissimis
862 1805 1051 1889 imperatum
1074 1812 1146 1880 est;
1175 1805 1286 1870 dicunt
1312 1807 1366 1892 qui
1397 1829 1436 1870 ex

235 1905 321 1988 agris
335 1926 375 1967 ex
391 1903 450 1968 Gn.
466 1903 611 1988 Pompeii
626 1903 757 1967 decreto
776 1902 930 1966 decedere
952 1909 1028 1968 sunt
1043 1901 1167 1968 coacti:
1192 1903 1303 1968 dicunt
1321 1902 1374 1986 qui
1397 1924 1436 1966 ex

235 2001 327 2080 bello,
344 2001 441 2066 caede
456 2009 489 2064 et
503 2001 581 2086 iuga
594 2022 677 2063 nuuc
693 2000 829 2085 primum
841 2000 963 2064 audent
978 2007 1090 2063 contra
1107 1999 1155 2062 M.
1170 1999 1340 2064 Fonteium
1355 2000 1436 2062 iner-

234 2119 318 2162 mem
339 2098 523 2163 consistere.
569 2097 653 2178 Quid
676 2097 778 2160 coloni
795 2097 1028 2174 Narbonenses,
1045 2095 1121 2180 quid
1142 2096 1261 2174 volunt,
1286 2096 1360 2181 quid
1382 2119 1436 2160 ex·

235 2195 402 2260 istimauti
446 2195 544 2259 Hunc
558 2217 616 2280 per
629 2217 685 2259 vos
700 2194 818 2271 volunt,
835 2215 871 2258 se
886 2216 942 2278 per
957 2194 1040 2256 hunc
1063 2192 1236 2256 incolumes
1251 2193 1437 2258 existimant

235 2313 314 2356 esse.
360 2292 445 2374 Quid
467 2293 716 2357 Massiliensium
740 2291 875 2355 civitas!
921 2291 1018 2354 Hunc
1040 2297 1242 2374 praesentem
1263 2289 1302 2352 iis
1327 2289 1437 2352 affecit

235 2390 405 2454 honoribus
420 2412 501 2475 quos
515 2390 626 2454 babuit
643 2389 876 2474 amplissimcs;
900 2409 958 2450 ros
978 2397 1086 2450 autem
1108 2385 1224 2448 absens
1246 2391 1318 2448 orat
1338 2393 1436 2468 atque

235 2489 383 2554 obsecrat
403 2498 441 2553 ut
463 2509 522 2551 sua
542 2485 663 2568 religio,
679 2483 829 2559 laudatio,
851 2483 1038 2556 auctoritas,
1060 2480 1179 2566 aliquid
1203 2481 1287 2564 apud
1312 2491 1437 2546 vestros

234 2585 357 2648 animos
385 2584 538 2648 momenti
563 2583 714 2646 habuisse
738 2581 895 2643 videatur.
949 2577 1033 2657 Quid
1063 2577 1178 2641 civium
1208 2575 1434 2656 Romanorum,

235 2706 316 2767 quae
331 2683 477 2746 voluntas
492 2683 563 2744 esti
608 2680 710 2743 Nemo
725 2686 777 2741 est
797 2699 837 2740 ex
856 2682 952 2741 tanto
966 2693 1099 2739 numero
1121 2676 1196 2761 quin
1218 2676 1302 2740 hunc
1317 2676 1437 2761 optime

233 2781 275 2843 de
286 2778 455 2863 provincia,
468 2777 508 2839 de
519 2776 660 2860 imperio,
672 2775 711 2838 de
725 2773 820 2837 sociis
834 2780 868 2837 ct
883 2772 1002 2835 civibus
1013 2772 1160 2835 meritum
1172 2794 1241 2836 esse
1253 2772 1435 2837 arbitretur.

234 2873 320 2935 Vll.
345 2872 501 2951 Quoniam
521 2872 621 2957 igitur
642 2870 756 2935 ridetis
777 2870 831 2954 qui
852 2882 1072 2954 oppugnatum
1096 2869 1145 2933 M.
1164 2870 1343 2948 Fonteium,
1361 2892 1437 2955 cog-

233 2970 338 3035 nostis
353 2970 407 3054 qui
422 2968 584 3033 defensum
599 2968 706 3045 velint,
723 2967 856 3032 statuite
870 2986 953 3029 nurnc
973 2966 1049 3051 quid
1064 2973 1170 3031 vestra
1189 2966 1344 3053 aequitas,
1361 2968 1436 3053 quid

233 3067 343 3153 populi
357 3066 495 3131 Romani
510 3066 649 3151 dignitas
670 3066 830 3151 postulet;
855 3072 964 3127 utrum
979 3062 1098 3127 colonis
1114 3062 1238 3141 vestris,
1255 3065 1436 3148 negotiato-

234 3164 324 3228 ribus
338 3165 459 3243 vestris,
481 3163 680 3227 amicissimis
701 3170 799 3246 atque
821 3160 1049 3245 antiquissimis
1072 3160 1174 3239 sociis,
1191 3168 1225 3225 et
1249 3163 1378 3225 credere
1402 3170 1436 3227 et

235 3264 398 3327 consulere
420 3264 547 3341 malitis,
574 3284 615 3325 an
641 3261 680 3325 iis
701 3260 817 3345 quibus
839 3280 943 3343 neque
964 3266 1096 3343 propter
1122 3259 1316 3323 iracundiam
1339 3260 1434 3323 iidem

235 3384 337 3446 neque
358 3370 489 3446 propter
509 3358 730 3424 infidelitatem
749 3358 902 3420 honorem
918 3354 1034 3420 habere
1050 3355 1182 3421 debetis.
1228 3354 1311 3437 Quid
1326 3356 1353 3419 si
1369 3378 1434 3419 ma-

232 3458 336 3541 jorem
360 3458 521 3521 bominum
542 3457 641 3521 etiam
661 3454 957 3519 honestissimorum
979 3452 1100 3539 copiam
1116 3452 1255 3529 afferam,
1273 3453 1326 3537 qui
1342 3452 1437 3537 hujus

235 3554 346 3621 virtuti
372 3562 468 3640 atque
491 3553 689 3619 innocentiae
713 3550 899 3617 testimonio
925 3551 1050 3636 possint
1080 3572 1159 3631 esse,
1187 3558 1336 3615 tamenne
1364 3552 1438 3636 plus

264 3766 357 3827 populo
373 3764 496 3826 maso]
514 3764 545 3811 V.
558 3762 583 3811 S.
600 3763 661 3811 base
676 3763 704 3811 1³.
720 3762 761 3819 R„
777 3766 821 3809 ont
852 3760 930 3809 ended
942 3759 1102 3815 a.c.72witb
1113 3758 1155 3807 the
1166 3758 1239 3807 death
1250 3759 1279 3807 ol
1288 3758 1414 3807 Sertorius.

235 3829 265 3880 ci
286 3830 363 3878 abicis
384 3844 452 3878 some
472 3828 562 3877 editors
585 3828 645 3875 bave
667 3826 821 3887 erroneonaly
886 3824 995 3884 decreto]
1022 3822 1068 3869 Cn.
1095 3823 1223 3883 Pompeius
1250 3822 1368 3883 punisbed
1395 3822 1438 3868 tha

234 3894 305 3942 made
314 3894 429 3955 ‘praetori
437 3889 821 3953 Romano.'-·‘ccpiiaqnaremia’
852 3887 942 3934 Volcae
950 3886 1082 3933 Arecomici
1093 3886 1140 3931 and
1154 3886 1241 3941 Helvii,
1253 3884 1312 3931 both
1322 3885 1350 3931 oi
1358 3884 1437 3931 whom

233 3959 266 4007 V.
279 3959 321 4006 S.=
338 3958 416 4005 which
431 3958 452 4005 ia
466 3956 579 4017 certainly
595 3961 701 4017 sumpt,
718 3955 762 4001 but
777 3954 820 4001 the
852 3964 915 3997 were
926 3950 1008 3995 within
1019 3948 1061 3995 the
1074 3949 1203 4004 Provincia,
1214 3948 1262 3994 and
1274 3948 1320 3995 had
1331 3948 1437 4009 opposed

234 4024 314 4071 deiect
330 4022 352 4069 ia
370 4028 415 4069 not
431 4021 504 4069 enred
520 4020 553 4081 by
563 4020 659 4080 aritine
676 4020 765 4065 ‘remis
779 4032 819 4065 ca·
852 4014 903 4061 bim
914 4014 939 4059 in
950 4014 988 4059 bis
999 4012 1080 4059 march
1090 4012 1143 4057 into
1155 4011 1237 4072 Spain,
1248 4026 1275 4057 as
1285 4012 1305 4057 it
1316 4026 1400 4065 seems,
1413 4013 1438 4059 in

234 4085 346 4149 piisque!
853 4091 903 4125 mc.
916 4079 956 4132 76.
991 4076 1030 4123 He
1047 4090 1105 4137 gave
1122 4074 1186 4121 their
1202 4074 1271 4121 landa
1287 4080 1313 4121 tc
1330 4074 1438 4121 Massilia

267 4153 292 4199 d.
308 4165 409 4211 maaca
430 4146 567 4210 equitatus]
596 4146 650 4192 'l'be
672 4146 735 4193 Galli
758 4158 821 4191 wera
856 4142 962 4203 (Cacsar,
975 4140 1004 4187 B.
1013 4140 1041 4188 C.
1052 4140 1068 4187 i.
1080 4137 1132 4201 36).
1165 4138 1242 4199 Many
1253 4138 1280 4185 ol
1288 4138 1330 4186 the
1341 4138 1437 4195 Volcae,

234 4220 318 4276 strong
332 4215 359 4261 in
373 4212 475 4274 cavalry.
509 4208 597 4258 Caesar
613 4210 660 4255 bad
677 4224 709 4257 no
727 4209 821 4255 Roman
853 4221 890 4253 we
907 4220 951 4252 eso
969 4203 1053 4265 hardly
1073 4218 1176 4263 suppose
1193 4202 1224 4249 all
1241 4203 1269 4249 oi
1281 4202 1356 4259 them,
1376 4218 1438 4250 wera

234 4280 327 4340 cavalry
343 4280 369 4327 in
386 4278 425 4324 bia
442 4275 519 4324 Gallie
535 4273 680 4335 campaigns.
715 4272 754 4319 He
770 4286 821 4317 em·
853 4268 986 4330 compellad
998 4275 1024 4314 to
1034 4268 1087 4328 give
1098 4281 1131 4327 np
1142 4266 1206 4313 their
1216 4266 1284 4314 lauda
1295 4272 1320 4315 to
1331 4267 1420 4314 otbma.

233 4342 321 4405 plcyed
337 4343 380 4389 tbe
397 4341 470 4397 Galli,
487 4338 536 4386 sud
552 4336 688 4385 sometimes
705 4336 747 4383 tbe
760 4335 821 4383 Ger·
886 4335 909 4387 7.
928 4333 1019 4379 consa
1034 4331 1141 4392 cestria]
1162 4330 1227 4377 Here
1244 4330 1275 4379 be
1295 4346 1377 4379 meam
1395 4330 1438 4379 tha

233 4422 259 4454 ra
292 4408 297 4419 '
852 4396 947 4443 Romm
959 4394 1437 4453 settlers,tbemembersola‘uolonia,'

259 4422 432 4532 Momm
442 4466 545 4528 aetam]
563 4465 617 4513 mo
627 4479 676 4517 m
690 4462 748 4511 siu
765 4462 820 4509 sa.
851 4460 899 4507 mu
910 4460 996 4519 anseny
1008 4458 1077 4505 uon
1088 4458 1116 4505 or
1127 4458 1220 4515 uum,
1231 4459 1310 4509 mom
1323 4460 1355 4525 (c.
1367 4460 1394 4525 c)
1407 4460 1437 4509 ue

233 4534 310 4583 torius
328 4536 354 4582 in
377 4534 452 4596 Spain
469 4528 624 4581 wmmenoetl
644 4542 695 4579 a.c.
714 4529 755 4585 8⁰.
772 4524 820 4574 aad
852 4524 911 4573 calls
923 4522 1215 4589 ‘’coloniNsrbooensea!
