3517 5325
349 479 414 543 436
548 458 551 465 ¹
610 469 745 535 ORA'l'.
770 470 817 534 Il.
841 469 905 533 DE
932 468 1054 533 LEGE
1078 466 1294 532 AGRARIA

351 646 451 710 missu
474 641 631 706 vendituri
656 640 731 705 sint.
777 641 851 703 Nou
872 646 924 704 est
946 638 1035 703 satis.
1080 638 1185 717 Quum
1208 658 1242 701 se
1262 636 1430 717 sociorum,
1457 661 1557 725 quum

350 752 531 808 exterarum
557 740 729 812 nationum,
760 759 856 822 quum
886 760 995 823 regum
1027 736 1181 821 sanguine
1210 736 1379 821 implerint,
1411 737 1555 802 incidant

350 861 463 903 nervos
484 837 590 923 populi
606 835 751 911 Romani,
767 835 940 899 adhibeant
953 856 1065 898 manus
1080 833 1286 918 vectigalibus
1300 834 1425 909 vestris,
1442 834 1556 899 irrum-

350 944 430 1024 pant
453 936 485 998 in
508 934 674 998 aerarium.
720 932 873 1018 Sequitur
893 932 976 995 enim
1000 939 1188 1016 caputque
1210 931 1315 1015 capite
1332 954 1372 994 ne
1394 932 1556 1016 permittit

351 1035 486 1121 quidem,
511 1032 539 1095 si
564 1032 647 1095 forte
672 1030 756 1094 desit
774 1030 917 1115 pecunia,
944 1050 1024 1114 qnae
1044 1036 1138 1093 tanta
1160 1050 1201 1091 ex
1221 1028 1436 1113 superioribus
1454 1029 1554 1114 recipi

237 1172 240 1176 -
265 1198 277 1218 ι
350 1139 460 1218 potest
484 1137 522 1194 ut
545 1129 654 1191 deesse
675 1150 740 1191 non
762 1129 887 1205 debeat,
905 1128 961 1190 sed
983 1126 1084 1211 plane,
1102 1125 1193 1209 quasi
1214 1147 1254 1189 ea
1274 1148 1326 1189 res
1347 1127 1438 1189 vobis
1458 1126 1555 1191 saluti

349 1230 457 1293 lutura
485 1226 537 1303 sit,
561 1226 607 1290 ita
629 1224 717 1308 cogit
733 1233 830 1310 atque
852 1226 989 1309 imperat
1008 1230 1046 1287 ut
1066 1222 1232 1286 decemviri
1256 1230 1363 1287 vestra
1385 1224 1555 1308 vectigalia

352 1325 491 1390 vendant
518 1322 714 1388 nominatim.
760 1322 863 1403 Quam
895 1329 931 1385 tu
961 1320 1036 1383 mihi
1066 1342 1106 1383 ex
1135 1320 1245 1383 ordine
1273 1321 1375 1384 recita
1403 1321 1443 1384 de
1472 1321 1554 1405 legis

341 1419 470 1507 ¹scripto
494 1421 600 1506 populi
627 1419 761 1482 Romani
789 1419 989 1492 auctionem
1015 1438 1109 1501 quam
1128 1416 1307 1480 mehercule
1324 1438 1383 1502 ego
1405 1418 1554 1502 praeconi

350 1521 425 1584 huic
441 1520 501 1605 ipsi
514 1520 692 1583 luctuosam
713 1525 747 1582 et
766 1519 913 1583 acerbam
929 1515 1197 1601 praedicationem
1211 1516 1351 1578 futuram
1367 1516 1555 1599 puto—Ut

352 1618 383 1681 in
399 1619 465 1681 suis
479 1619 583 1693 rebus,
599 1617 647 1681 ita
661 1616 693 1678 in
708 1638 742 1680 re
757 1616 882 1701 publica
896 1614 1076 1678 luxuriosus
1092 1620 1143 1677 est
1162 1634 1269 1697 nepos,
1286 1613 1339 1697 qui
1354 1612 1442 1697 prius
1457 1612 1554 1676 silvas

351 1716 470 1779 vendat
492 1736 587 1799 quarn
610 1714 727 1778 vineas.
774 1713 901 1777 ltaliam
926 1710 1156 1798 percensuisti:
1181 1732 1277 1795 perge
1301 1710 1333 1772 in
1358 1710 1554 1773 Siciliam.—

353 1812 440 1874 Nihil
455 1818 506 1875 est
521 1811 552 1872 in
568 1812 627 1874 hac
641 1810 803 1895 provincia
817 1811 902 1895 quod
918 1809 1022 1873 autin
1044 1807 1169 1892 oppidis
1188 1814 1245 1871 aut
1267 1807 1299 1869 in
1314 1806 1401 1890 agris
1415 1809 1554 1891 majores

351 1908 454 1971 nostri
482 1907 642 1991 proprium
665 1906 757 1970 nobis
782 1907 985 1991 reliquerunt,
1012 1905 1087 1990 quin
1111 1904 1143 1967 id
1167 1904 1272 1967 venire
1291 1905 1413 1987 jubeat.
1460 1904 1554 1985 Quod

351 2011 481 2091 partum
495 2003 616 2066 recenti
628 2002 760 2067 victoria
771 2006 909 2088 majores
920 2003 1009 2067 vobis
1020 2002 1052 2065 in
1067 2001 1223 2065 sociorum
1238 2002 1370 2064 urbibus
1384 2024 1422 2064 ac
1436 2001 1554 2066 finibus

353 2109 387 2165 et
401 2099 559 2163 vinculum
573 2100 662 2184 pacis
676 2108 711 2164 et
732 2109 972 2165 monumentum
994 2099 1068 2163 belli
1086 2098 1289 2183 reliquerunt,
1305 2098 1337 2161 id
1359 2120 1416 2162 vos
1432 2099 1473 2161 ab
1490 2098 1553 2163 illis

352 2204 518 2281 acceptum
533 2197 592 2259 hoc
607 2205 738 2261 auctore
751 2198 915 2263 vendetisl

399 2294 464 2357 Hic
479 2293 555 2356 mihi
570 2314 740 2378 parumper
760 2303 885 2359 mentes
899 2301 1033 2371 vestras,
1051 2292 1200 2375 Quirites,
1217 2314 1414 2356 commovere
1434 2293 1551 2369 videor,

354 2394 431 2456 dum
446 2391 603 2477 patefacio
618 2392 718 2469 vobis,
735 2414 813 2476 quas
828 2392 882 2456 isti
897 2392 1024 2477 penitus
1038 2391 1202 2454 abstrusas
1216 2390 1345 2454 insidias
1359 2412 1394 2453 se
1409 2391 1553 2474 posuisse

355 2489 553 2553 arbitrantur
582 2495 694 2552 contra
723 2488 781 2553 (ln.
813 2489 959 2573 Pompeii
988 2488 1186 2573 dignitatem.
1234 2488 1279 2550 Et
1307 2486 1392 2563 mihi,
1423 2508 1550 2571 quaeso,

352 2586 516 2672 ignoscite,
533 2585 560 2648 si
574 2584 697 2670 appello
712 2586 809 2649 talem
824 2586 925 2649 virum
934 2586 1068 2672 saepius
1115 2585 1185 2648 Vos
1193 2584 1269 2647 mihi
1278 2584 1417 2670 praetori
1427 2584 1552 2647 biennio

355 2693 442 2761 ante,
459 2684 607 2764 Quirites,
631 2683 692 2747 hoc
710 2685 820 2748 eodem
845 2683 878 2748 in
900 2685 969 2748 loco
993 2705 1159 2768 personam
1182 2684 1263 2746 hanc
1283 2681 1486 2766 imposuistis,
1505 2689 1550 2759 ut,

356 2783 603 2867 quibuscumque
626 2783 722 2844 rebus
745 2803 878 2866 possem,
903 2781 986 2845 illius
1008 2781 1148 2844 absentie
1174 2781 1361 2866 dignitatem
1390 2779 1553 2842 vobiscum

354 2901 418 2942 una
446 2885 563 2942 tuerer.
624 2877 701 2941 Feci
724 2879 828 2942 adhuc
850 2901 932 2964 quae
961 2877 1060 2962 potui,
1095 2899 1196 2963 neque
1224 2876 1440 2941 familiaritate
1469 2877 1553 2940 illius

354 2977 520 3054 adductus,
538 2998 596 3040 nec
611 2997 667 3060 spe
682 2976 811 3039 honoris
826 2983 923 3060 atque
938 2975 1147 3060 amplissimae
1162 2975 1346 3060 dignitatis;
1371 2997 1466 3060 quam
1481 2995 1554 3060 ego,

356 3072 416 3136 etsi
431 3073 549 3136 libente
564 3073 627 3147 illo,
639 3081 746 3136 tamen
761 3074 896 3136 absente
911 3072 972 3150 illo,
990 3095 1047 3158 per
1061 3094 1117 3135 vos
1132 3079 1411 3136 consecutussum.
1436 3073 1554 3153 Quam·

355 3170 463 3233 obrem
492 3191 588 3252 quum
618 3168 794 3254 intelligam
820 3176 926 3233 totam
955 3169 1036 3233 hanc
1064 3169 1131 3232 fere
1157 3169 1258 3254 legem
1290 3169 1331 3232 ad
1362 3169 1446 3233 illius
1476 3191 1554 3255 opes

353 3267 539 3350 evertendas
568 3273 731 3348 tamquam
759 3266 938 3330 machinam
967 3266 1152 3351 comparari,
1174 3273 1208 3330 et
1236 3267 1383 3330 resistam
1413 3267 1553 3331 consiliis

353 3362 525 3434 hominum,
550 3368 584 3424 et
606 3360 767 3444 perficiam
787 3363 930 3446 profecto
956 3365 1040 3448 quod
1064 3385 1125 3449 ego
1150 3363 1241 3426 video
1270 3371 1308 3427 ut
1336 3364 1369 3426 id
1398 3385 1456 3427 vos
1484 3365 1554 3427 uni·

353 3457 436 3521 versi
474 3478 536 3520 non
570 3457 672 3520 solum
701 3457 806 3527 videre
839 3483 948 3524 verum
978 3462 1074 3526 etiam
1106 3468 1215 3524 tenere
1245 3459 1384 3545 possitis.
1445 3459 1551 3524 XIX.

353 3555 377 3617 J
380 3553 457 3616 ubet
481 3552 587 3616 venire
611 3575 691 3638 quae
718 3555 947 3636 Attalensium,
972 3579 1052 3642 quae
1074 3557 1279 3634 Phaselitum,
1300 3579 1381 3641 quae
1406 3556 1552 3641 Olympe-

353 3673 466 3716 norum
479 3649 605 3730 ioerint,
618 3673 792 3737 agrumque
805 3653 1004 3740 Agerensem
1020 3663 1054 3720 et
1070 3653 1283 3718 Oroandicum
1293 3661 1326 3718 et
1336 3653 1551 3718 Gedusanum.

353 3749 446 3813 Haec
477 3748 516 3811 P.
541 3748 663 3812 Servilii
689 3749 821 3836 imperio
841 3761 875 3818 et
894 3753 1036 3831 victoria,
1062 3751 1227 3816 clarissimi
1251 3751 1317 3827 viri,
1337 3761 1444 3816 vestra
1468 3752 1554 3816 lacta

353 3897 937 4024 stantemstantem&
970 3903 1021 4011 tt
1038 3898 1554 4012 ittttm'ntmtmtn

354 4027 493 4085 ‘vectigalia
504 4026 609 4072 vendant
617 4026 633 4072 ε’
645 4027 694 4073 this
705 4026 762 4073 does
775 4034 819 4073 not
830 4043 899 4075 mesu
910 4033 936 4075 to
969 4027 1007 4075 lor
1017 4029 1073 4075 sale.

352 4091 387 4138 let
408 4089 450 4136 tho
470 4090 625 4148 ‘rectigslia'
646 4089 691 4136 but
707 4097 733 4137 to
751 4092 794 4137 sell
815 4092 858 4138 the
878 4093 935 4138 land
1001 4093 1096 4138 dienato
1117 4093 1194 4154 anta]
1213 4090 1294 4138 When
1316 4090 1348 4137 he
1368 4091 1488 4139 delivered
1510 4089 1554 4139 the

352 4154 415 4201 {rom
426 4153 504 4200 which
523 4154 565 4200 the
584 4155 740 4214 ‘vectigalis’
760 4170 834 4211 came,
848 4161 874 4202 to
892 4156 936 4202 sell
968 4157 1061 4203 oration
1071 4156 1108 4203 De
1119 4155 1165 4202 Cn.
1179 4155 1285 4214 Pompeii
1298 4155 1410 4216 lmperic.

350 4218 469 4276 tbe‘agri
480 4217 623 4277 vectigales!
658 4218 804 4279 'Vectigalis
817 4219 935 4267 vendera'
1004 4223 1040 4268 19.
1059 4221 1089 4267 P.
1115 4219 1226 4280 Ser-nilis]
1245 4219 1298 4266 The
1317 4219 1454 4279 campaigns
1475 4218 1504 4264 ol
1523 4218 1552 4266 l’.

350 4282 420 4328 isan
432 4281 573 4342 ambiguous
589 4283 727 4343 expression
745 4282 810 4344 (Vol.
828 4283 849 4330 l.
865 4284 935 4332 Verr.
970 4283 1081 4331 Servilius
1094 4283 1213 4330 Isauricus
1234 4281 1270 4344 (a.
1283 4297 1305 4330 c.
1322 4281 1366 4344 78)
1387 4297 1448 4329 were
1465 4283 1490 4328 in
1510 4282 1554 4329 the

350 4345 375 4391 ii.
387 4347 410 4392 ³.
423 4361 443 4392 c.
455 4347 479 4402 6,
491 4344 581 4406 notas).
968 4348 1082 4395 southern
1094 4353 1147 4409 part
1159 4347 1187 4394 ol'
1195 4347 1253 4394 slsis
1264 4346 1354 4403 Minor,
1366 4347 1390 4392 in
1404 4345 1552 4408 Pamphylia,

381 4407 572 4470 silom-qaam]
591 4409 639 4456 We
646 4414 712 4457 must
719 4410 807 4472 supply
815 4412 882 4459 what
892 4413 935 4460 the
967 4413 1014 4459 end
1029 4413 1072 4458 tha
1088 4411 1263 4472 neighbouring
1279 4411 1407 4457 oenotrios.
1444 4409 1483 4456 lic
1493 4409 1553 4456 took

349 4472 502 4531 ‘prsooo’is
527 4473 645 4534 supposed
668 4481 694 4521 to
717 4475 777 4521 bava
797 4477 870 4523 asad:
896 4476 934 4524 lor
967 4477 1087 4538 Olympus
1097 4475 1145 4522 end
1158 4475 1272 4530 Phaselis,
1285 4474 1344 4522 both
1360 4474 1389 4521 oi
1401 4473 1553 4520 whichwere

346 4536 430 4584 cicun
445 4535 805 4599 nya¹ltslismpecensnlsd
838 4539 932 4602 Perge,'
965 4541 1085 4602 lobreto,
1095 4539 1144 4588 and
1160 4539 1191 4588 he
1207 4537 1293 4600 fought
1303 4539 1361 4586 sith
1377 4538 1420 4585 the
1437 4537 1553 4585 henin
