3517 5325
720 499 820 567 (lAP.
845 501 983 566 21-23.
1390 503 1451 564 281

255 671 402 736 Asiatico
425 675 458 734 et
481 669 568 754 regio
592 689 656 733 non
675 669 778 733 solum
799 669 948 734 militaris
970 668 1023 735 illa
1037 667 1149 744 virtus,
1170 690 1252 754 quae
1274 673 1324 734 est
1346 669 1378 732 in
1394 669 1454 732 (ln.

256 769 408 854 Pompeio
424 767 602 852 singularis,
615 768 672 830 sed
683 767 764 831 aliae
773 789 898 853 quoque
912 767 1048 832 virtutes
1063 768 1160 830 animi
1174 789 1308 853 magnae
1323 776 1356 832 et
1371 769 1451 832 mul-

236 857 308 930 tae
323 865 536 950 requiruntur.
584 863 720 928 Difficile
738 871 789 930 est
811 865 844 927 in
859 864 950 943 Asia,
968 864 1089 940 Cilicia,
1107 864 1209 949 Syria,
1224 865 1394 950 regnisque
1408 864 1455 927 in-

254 961 408 1028 teriorum
422 960 586 1026 nationum
600 961 647 1024 ita
661 961 780 1026 versari
800 968 945 1026 nostrum
966 960 1190 1045 imperatorem
1211 969 1249 1025 ut
1270 961 1348 1024 nibil
1369 961 1455 1025 aliud

254 1059 315 1122 nisi
330 1059 369 1122 de
384 1059 475 1122 hoste
490 1079 529 1121 ac
544 1057 583 1121 de
598 1058 690 1120 laude
705 1058 837 1142 cogitet.
883 1057 1007 1121 Deinde
1021 1058 1118 1122 etiam
1132 1058 1160 1121 si
1175 1057 1229 1142 qui
1244 1066 1320 1122 sunt
1334 1059 1454 1142 pudore

255 1163 293 1220 'ac
308 1155 519 1241 temperantia
533 1155 771 1233 moderatiores,
787 1161 898 1220 tamen
912 1177 969 1218 eos
982 1177 1053 1218 esse
1073 1155 1154 1219 tales
1168 1161 1299 1239 propter
1312 1154 1455 1217 multitu-

256 1253 362 1328 dinem
381 1253 564 1338 cupidorum
587 1252 748 1315 bominum
771 1274 863 1316 nemo
889 1253 1070 1317 arbitratur.
1115 1251 1252 1315 Difficile
1278 1258 1329 1315 est
1354 1251 1454 1327 dictu,

257 1348 407 1430 Quirites,
434 1356 555 1433 quanto
584 1347 617 1410 in
642 1348 715 1411 odio
744 1349 843 1412 simus
872 1349 958 1433 apud
987 1357 1113 1412 exteras
1141 1348 1296 1425 nationes,
1324 1355 1456 1432 propter

256 1467 365 1509 eorum
380 1467 458 1530 quos
472 1445 514 1508 ad
528 1465 584 1508 eas
598 1466 655 1528 per
669 1444 728 1507 bos
745 1467 846 1508 annos
860 1466 933 1508 cum
948 1445 1078 1529 imperio
1093 1444 1237 1508 misimus
1256 1444 1404 1508 libidines
1421 1452 1456 1508 et

256 1541 398 1626 injurias.
444 1541 537 1621 Quod
560 1541 643 1604 enim
667 1537 776 1604 lanum
799 1541 923 1626 putatis
945 1541 978 1604 in
1000 1541 1061 1604 illis
1082 1541 1178 1605 terris
1199 1541 1319 1605 nostris
1337 1541 1455 1624 magis-

255 1639 393 1702 tratibus
416 1637 605 1722 religiosum,
630 1657 725 1722 quam
746 1637 910 1726 civitatem
931 1647 1085 1715 sanctam,
1106 1659 1202 1722 quam
1223 1639 1352 1702 domum
1374 1637 1455 1702 satis

256 1735 395 1798 clausam
408 1754 447 1798 ac
461 1733 616 1796 munitam
630 1733 749 1798 luisset
793 1732 902 1797 Urbes
914 1733 982 1817 jam
996 1734 1170 1820 locupletes
1192 1740 1226 1797 et
1244 1734 1391 1819 copiosae
1406 1755 1456 1798 re·

256 1831 432 1916 quiruntur,
455 1829 569 1915 quibus
591 1851 704 1894 caussa
725 1829 798 1894 belli
819 1837 950 1915 propter
970 1831 1137 1916 diripiendi
1152 1831 1363 1915 cupiditatem
1377 1831 1455 1895 inle-

256 1937 355 1994 ratur.
401 1927 554 1992 Libenter
574 1927 652 1990 haec
672 1949 779 1992 coram
789 1949 862 1992 cum
879 1928 917 2008 Q.
935 1927 1048 1992 Catulo
1062 1935 1097 1992 et
1115 1929 1154 2009 Q.
1171 1927 1346 1993 Hortensio
1369 1951 1454 1992 sum-

257 2025 317 2088 mis
347 2031 381 2088 et
406 2023 586 2088 clarissimis
619 2023 695 2088 viris
723 2025 929 2110 disputarem.
985 2025 1152 2090 Noverunt
1177 2025 1262 2088 enim
1296 2025 1456 2089 sociorum

257 2119 393 2196 vulnera,
423 2120 531 2185 vident
560 2141 669 2184 eorum
707 2121 913 2200 calamitates,
944 2122 1158 2208 querimonias
1186 2123 1328 2187 audiunt.
1389 2123 1456 2186 Pro

256 2218 351 2281 sociis
375 2239 430 2282 vos
454 2225 565 2282 contra
589 2218 699 2282 hostes
724 2219 900 2282 exercitum
929 2218 1058 2283 mittere
1087 2218 1218 2304 putatia,
1244 2241 1287 2282 an
1315 2219 1456 2283 bostium

257 2313 455 2378 simulatione
470 2322 582 2379 contra
597 2314 700 2378 socios
714 2321 810 2398 atquc
826 2313 964 2378 amicost
1009 2315 1099 2393 Quae
1118 2315 1232 2379 ciuitas
1253 2323 1304 2379 est
1326 2315 1359 2377 in
1375 2315 1455 2377 Asia

257 2433 338 2495 quae
360 2434 423 2475 non
444 2413 538 2475 modo
559 2411 758 2496 imperatoris
778 2417 837 2474 aut
858 2410 966 2494 legati,
983 2411 1039 2472 scd
1062 2411 1156 2474 unius
1176 2411 1297 2475 tribuni
1320 2411 1456 2473 militum

256 2509 429 2572 animosae
444 2507 575 2592 spiritus
595 2529 707 2590 capere
730 2505 852 2590 possiti
897 2505 1043 2569 XXIII.
1068 2505 1173 2584 Quare
1194 2507 1292 2570 etiam
1313 2507 1341 2568 si
1362 2527 1456 2590 quem

257 2605 381 2670 habetis
396 2605 449 2689 qui
465 2603 588 2667 collatis
603 2603 703 2689 signis
718 2601 876 2667 exercitus
898 2602 1003 2688 regios
1025 2623 1173 2687 superare
1191 2625 1285 2689 posse
1299 2603 1453 2683 videatur,

256 2709 365 2766 tamen
380 2702 440 2763 nisi
455 2700 515 2763 erit
530 2700 612 2762 idem
627 2700 680 2784 qui
695 2722 730 2763 se
745 2722 765 2763 a
779 2699 921 2783 pecuniis
943 2698 1109 2776 sociorum,
1126 2700 1179 2784 qui
1193 2702 1235 2764 ab
1249 2722 1359 2764 eorum
1381 2722 1455 2765 con·

253 2798 385 2882 jugibus
398 2818 435 2860 ac
450 2794 565 2872 liberis,
583 2796 636 2881 qui
651 2798 693 2860 ab
708 2796 904 2861 ornamentis
917 2796 1062 2859 fanorum
1075 2803 1172 2881 atque
1190 2797 1385 2881 oppidorum,
1402 2799 1456 2883 qui

257 2895 299 2957 ab
322 2916 400 2957 auro
425 2914 564 2978 gazaque
590 2893 679 2977 regia
708 2914 830 2969 manus,
857 2892 975 2968 oculos,
1004 2892 1144 2956 animum
1174 2894 1321 2958 cohibere
1344 2896 1454 2979 possit,

257 3012 320 3055 non
342 2990 404 3055 erit
426 2989 559 3053 idoneus
584 2988 638 3075 qui
666 2988 709 3053 ad
738 2988 854 3055 bellum
879 2987 1060 3053 Asiaticum
1084 2990 1268 3075 regiumque
1296 2992 1455 3057 mittatur.

256 3204 338 3248 temen
363 3196 527 3247 declamatorie
553 3196 680 3247 artificiose
704 3202 729 3247 et
751 3198 838 3247 Ietine
907 3200 983 3253 Urbes
992 3199 1049 3260 jara
1066 3200 1200 3261 locupletes
1216 3200 1274 3259 tac]
1298 3200 1401 3249 “There
1415 3216 1456 3249 ere

246 3261 409 3320 'centenum'
444 3262 517 3309 Helm
535 3262 578 3309 hee
598 3263 722 3310 exemiued
740 3262 783 3311 the
801 3278 838 3311 ar-
871 3278 926 3311 now
936 3278 968 3311 no
981 3264 1048 3311 citiee
1060 3278 1088 3311 eo
1098 3264 1149 3311 rich
1160 3264 1207 3311 and
1218 3264 1272 3311 well
1282 3265 1381 3313 stocked
1391 3280 1417 3313 ee
1428 3270 1455 3314 to

257 3332 368 3390 guments
384 3326 412 3374 ol
426 3326 547 3383 Bloohius,
563 3326 610 3373 eud
625 3326 656 3373 be
672 3327 715 3374 bes
731 3341 800 3391 come
814 3332 840 3375 to
871 3333 1006 3389 preeentto
1016 3342 1032 3374 e
1041 3328 1267 3440 greadyplnunderer
1280 3326 1404 3391 e'pretext
1417 3329 1456 3377 for

257 3392 299 3439 the
307 3391 444 3439 conclusion
455 3390 686 3451 “thatthispertof
692 3391 735 3438 the
743 3392 838 3453 speech,
870 3392 993 3453 attaching
1008 3391 1102 3439 them.”
1174 3393 1195 3440 Ie
1211 3408 1266 3455 may
1279 3392 1310 3440 be
1325 3394 1456 3441 temutes

257 3456 334 3503 which
349 3470 415 3503 eome
430 3454 491 3502 heve
507 3455 645 3503 considered
662 3456 840 3517 ineppropriete
871 3456 898 3503 in
916 3456 1010 3503 venicus
1031 3471 1103 3519 ways.
1137 3456 1150 3504 1
1172 3456 1233 3505 here
1249 3456 1307 3519 only
1325 3459 1396 3519 given
1412 3458 1456 3507 the

259 3518 390 3583 (ineptum)
408 3519 454 3566 end
471 3518 603 3580 altogether
617 3520 744 3582 unworthy
757 3520 784 3568 ol
798 3521 840 3567 the
872 3520 993 3581 meaning.

153 3624 161 3633 .
258 3584 342 3645 genius
365 3583 393 3630 ol
419 3582 521 3640 Tullius,
547 3582 567 3629 ie
594 3584 722 3644 composed
744 3584 777 3646 by
797 3584 840 3631 the
904 3584 998 3645 emam]
1016 3583 1076 3631 'I'his
1094 3583 1115 3632 le
1132 3584 1256 3646 explained
1273 3584 1412 3647 byWeieke
1427 3590 1455 3634 to

258 3652 338 3695 orator
355 3646 411 3693 with
430 3662 445 3693 a
462 3647 550 3695 certain
569 3648 686 3694 excellent
707 3648 773 3695 ert.”
807 3648 840 3695 So
871 3648 1030 3695 betheeeme
1042 3663 1069 3695 ee
1086 3648 1228 3709 ‘privatim’
1248 3648 1296 3697 end
1310 3650 1364 3696 thet
1377 3650 1398 3697 ir
1413 3650 1455 3698 the

258 3711 330 3757 much
342 3710 373 3757 do
383 3710 493 3773 opinione
509 3710 585 3758 differ.
620 3711 686 3759 Icm
702 3712 730 3758 ol
745 3710 840 3759 Halm'e
871 3712 983 3772 meaning
1001 3712 1165 3761 bere—‘non
1184 3713 1256 3760 modo
1265 3713 1281 3759 ε’
1308 3714 1380 3760 Halm
1398 3729 1454 3775 pro-

258 3774 364 3837 cpinIon.
871 3775 940 3837 perly
950 3775 1013 3822 finde
1024 3775 1085 3822 fault
1095 3776 1153 3823 with
1164 3791 1210 3823 one
1220 3776 1319 3824 'liechor
1329 3777 1367 3823 lor
1376 3782 1455 3825 hena

290 3838 364 3900 Aeta]
383 3837 466 3886 Cicero
478 3836 529 3901 (Ad
540 3838 572 3890 Q·
585 3836 624 3886 h.
639 3838 656 3885 i.
670 3840 693 3887 l.
704 3853 726 3885 c.
737 3837 764 3900 6)
782 3838 839 3887 celle
870 3838 947 3899 lating
963 3838 1011 3885 thie
1025 3854 1052 3886 ee
1071 3840 1176 3887 iobowe:
1194 3839 1257 3885 “die
1269 3840 1352 3887 sridte
1367 3840 1455 3889 Adone

257 3902 316 3951 Asia
348 3906 412 3949 ‘tem
440 3904 584 3965 corruptutce
617 3900 762 3963 provincie3'
796 3902 839 3949 the
871 3901 926 3949 eind
941 3902 1010 3949 ulcht
1023 3918 1069 3949 nur
1083 3902 1148 3950 eines
1163 3902 1252 3963 Imper.
1270 3903 1374 3949 eundern
1386 3918 1456 3964 ecgar

256 3966 343 4015 walth
362 3966 389 4014 ol
405 3966 453 4014 thie
467 3967 578 4029 province
592 3966 719 4027 corrupted
738 3966 780 4012 tha
796 3980 838 4026 go·
871 3965 937 4013 since
963 3966 1086 4012 'I'ribnnen
1109 3966 1233 4013 desehe
1256 3980 1287 4012 an
1310 3965 1455 4027 belriedigen

256 4046 353 4079 vernone
363 4030 411 4077 and
426 4030 488 4077 their
502 4030 602 4078 officere.
634 4030 731 4077 Tacitae
747 4028 838 4091 (Agric.
871 4028 996 4089 nnfe'hig.'’
1028 4028 1128 4076 Tischer
1138 4030 1418 4077 makesemietekeeneb
1428 4046 1455 4079 ee

257 4094 284 4157 6)
307 4094 364 4143 celle
381 4094 402 4140 it
424 4094 546 4141 “diritenr
564 4108 592 4140 ec
611 4098 718 4154 peretum
739 4108 839 4155 peccen-
871 4107 938 4141 eume
954 4092 982 4139 of
995 4106 1025 4139 ne
1040 4092 1111 4139 melre
1127 4093 1196 4139 when
1211 4108 1247 4139 we
1262 4107 1304 4154 eey
1318 4093 1373 4139 thet
1389 4099 1455 4141 ‘non

256 4158 348 4205 tibus.”
382 4158 499 4219 Compare
511 4156 615 4205 Clearc'e
626 4156 741 4218 deepetch
756 4162 782 4203 to
796 4156 839 4204 the
870 4155 960 4203 modo‘
978 4156 999 4203 le
1015 4156 1073 4203 bere
1089 4161 1135 4217 put
1155 4156 1193 4202 ior
1213 4160 1279 4203 ‘non
1297 4156 1370 4203 modo
1387 4156 1455 4205 non!

257 4222 346 4269 Senete
362 4220 411 4285 (Ad
425 4222 491 4269 Fam.
503 4235 542 4267 xv.
556 4218 580 4281 l)
598 4220 668 4267 when
685 4220 716 4267 ha
732 4234 781 4266 was
797 4234 838 4279 go·
872 4219 1193 4281 Itheetbeeememeening,
1203 4219 1382 4281 cyanum
1393 4225 1455 4269 ‘non

256 4286 378 4333 vernorof
385 4285 481 4335 Chicie:
500 4284 589 4331 “Nam
600 4284 718 4331 sociorum
724 4281 839 4340 enxiba,”
871 4281 966 4331 dicem!

256 4350 336 4397 where
354 4350 385 4397 be
407 4348 484 4410 tpolre
504 4346 587 4395 ottho
608 4360 701 4407 wronge
717 4344 838 4409 (injuriae)
904 4348 944 4394 2³.
961 4348 1004 4408 qut
1017 4360 1043 4393 ee
1061 4361 1077 4393 c
1089 4344 1224 4411 pereum:
1241 4346 1282 4395 An
1298 4346 1455 4409 objectionis

256 4414 363 4462 inflicted
379 4428 412 4460 on
428 4413 471 4459 the
489 4411 576 4459 ‘socii'
597 4410 686 4473 bytho
702 4410 842 4472 meritycl
871 4409 942 4457 made
964 4416 991 4457 to
1016 4408 1073 4467 ‘sel
1100 4410 1134 4473 by
1158 4425 1225 4459 eome
1250 4413 1336 4470 critice,
1355 4414 1456 4463 mnae

256 4478 299 4525 the
316 4478 411 4527 Romm
427 4476 488 4535 rule,
503 4475 550 4525 end
568 4474 595 4523 ol
609 4474 651 4523 the
668 4488 843 4537 consequencee
875 4474 1455 4538 ⁴mm,occ10s,enimrm’oecrrfurtheron;

257 4540 320 4589 olit.
874 4536 1235 4589 bnt‘ee'ieinellthehdfld.
