3517 5325
323 493 388 560 296
635 489 770 557 Olina.
795 487 887 554 PRO
912 487 956 556 A.
980 487 1220 556 OLUENTIO

323 663 390 730 III.
414 661 486 750 Ego
512 681 573 741 me,
600 659 733 748 indicae,
763 660 804 728 ad
834 680 906 728 eam
934 663 1257 758 caussamlaccedere
1279 666 1451 751 quaejam
1472 688 1533 752 per

321 783 422 829 annos
451 770 527 828 octo
556 758 725 828 continuos
758 785 799 827 ex
829 763 989 826 contraria
1017 769 1110 848 parte
1145 763 1304 841 audiatur,
1334 771 1431 850 atque
1460 765 1532 849 ipsa

323 859 470 946 opinione
487 853 648 923 hominum
663 861 764 924 tacita
782 882 882 946 prope
905 860 1053 925 convicta
1074 867 1171 945 atque
1194 861 1346 926 damnata
1368 862 1422 939 sit,
1438 862 1532 926 facile

321 957 486 1042 intelligo;
513 957 612 1021 sedai
628 957 681 1043 qui
697 957 774 1021 mihi
790 959 868 1022 deus
892 964 1030 1021 vestram
1053 958 1095 1020 ad
1114 980 1165 1022 me
1187 959 1380 1022 audiendum
1396 960 1532 1023 benero-

321 1055 452 1120 lentiam
467 1056 651 1132 eonciliarit,
669 1056 802 1120 efficiam
818 1057 963 1140 proiecto
985 1063 1022 1120 ιιι
1038 1055 1224 1142 intelligatis
1239 1057 1315 1120 nihil
1329 1078 1401 1121 esse
1411 1056 1532 1120 homini

321 1160 390 1218 tam
419 1154 596 1218 timendum
626 1176 722 1240 quam
751 1153 919 1228 invidiam;
945 1154 1024 1217 nihil
1045 1155 1208 1219 innocenti
1234 1162 1385 1240 suscepta
1413 1155 1533 1218 invidia

321 1259 391 1315 tam
417 1251 593 1336 optandum
613 1274 713 1337 quam
735 1273 871 1337 aequum
890 1252 1056 1336 judicium,
1074 1253 1160 1336 quod
1182 1252 1215 1314 in
1234 1252 1296 1316 hoc
1314 1274 1378 1315 uno
1393 1252 1532 1337 denique

322 1349 421 1412 falsae
443 1347 590 1412 infamiae
612 1349 684 1413 finis
705 1349 819 1435 aliquis
836 1357 935 1435 atque
956 1349 1063 1413 exitus
1084 1349 1271 1434 reperiatur.
1317 1349 1533 1430 Quamobrem

323 1467 439 1532 magna
454 1469 506 1511 me
529 1468 602 1532 spes
617 1454 717 1521 tenet,
734 1447 761 1510 s'i
777 1468 858 1532 qnae
873 1447 997 1512 suntin
1012 1469 1125 1510 caussa
1140 1447 1298 1532 explicare
1312 1455 1411 1532 atque
1425 1446 1534 1510 omnia

324 1543 458 1608 dicendo
474 1543 625 1629 consequi
639 1551 783 1629 potuero,
801 1543 883 1606 bunc
892 1544 996 1607 locum
1012 1565 1259 1628 consessumque
1273 1551 1423 1619 vestrum,
1436 1565 1533 1628 quem

322 1641 366 1704 illi
391 1641 574 1705 horribilem
598 1643 640 1704 A.
657 1641 804 1706 Oluentio
827 1663 865 1704 ac
890 1640 1128 1704 formidolosum
1148 1642 1216 1704 sore
1237 1649 1440 1727 putaverunt,
1457 1663 1533 1704 eum

323 1738 454 1802 tandem
470 1739 539 1822 ejus
554 1738 701 1801 fortunae
717 1737 849 1800 miserae
871 1737 1069 1822 multumque
1087 1738 1233 1822 jactatae
1255 1745 1385 1822 portum
1406 1760 1445 1802 ac
1458 1761 1533 1823 per-

323 1835 444 1919 fugium
460 1835 612 1899 futnrum.
658 1833 801 1898 Tametsi
816 1834 974 1920 permulta
987 1842 1072 1911 sunt,
1090 1856 1171 1918 quae
1192 1835 1279 1911 mihi,
1302 1841 1476 1921 antequam
1490 1835 1532 1898 de

325 1953 440 1996 caussa
467 1931 547 2006 dico,
575 1931 614 1994 de
644 1931 863 1995 communibus
893 1930 1030 1995 invidiae
1063 1931 1211 2016 periculis
1234 1931 1369 1996 dicenda
1392 1954 1463 1996 esse
1486 1932 1532 1995 vi-

324 2029 468 2105 deantur,
499 2036 616 2106 tamen,
648 2050 688 2092 ne
718 2028 838 2093 diutius
867 2028 1011 2092 oratione
1046 2050 1119 2091 mea
1146 2050 1301 2113 suspensa
1329 2029 1531 2114 exspectatio

323 2135 432 2190 vestra
446 2133 604 2200 teneatur,
621 2126 789 2211 aggrediar
803 2127 844 2189 ad
860 2126 980 2190 crimen
995 2148 1066 2189 cnm
1081 2125 1135 2190 illa
1149 2126 1380 2210 deprecatione,
1394 2128 1530 2212 judices,

325 2246 388 2310 qua
403 2223 479 2287 mihi
494 2224 620 2308 saepius
642 2224 794 2286 utendum
818 2245 888 2287 esse
908 2224 1061 2308 intelligo,
1082 2223 1130 2287 sic
1152 2231 1189 2288 ut
1209 2245 1259 2287 me
1276 2223 1417 2288 audiatis
1439 2223 1532 2308 quasi

324 2323 385 2386 hoc
400 2328 544 2406 tempore
559 2322 639 2385 haec
655 2343 769 2385 caussa
783 2320 921 2406 primum
936 2321 1070 2396 dicatur,
1087 2321 1182 2385 sicuti
1198 2321 1335 2394 dicitnr;
1360 2343 1424 2384 non
1440 2321 1532 2406 quasi

323 2441 419 2504 saepe
445 2419 514 2503 jam
544 2418 631 2482 dicta
661 2425 695 2483 et
720 2440 893 2502 numquam
916 2419 1053 2502 probata
1078 2417 1131 2482 sit.
1177 2416 1344 2481 Hodierno
1368 2417 1453 2481 enim
1479 2417 1532 2482 die

324 2517 461 2601 primurn
477 2515 594 2580 veteris
609 2516 702 2581 istius
718 2515 859 2579 criminis
875 2515 1012 2578 diluendi
1027 2522 1172 2600 potestas
1183 2523 1234 2580 est
1257 2516 1354 2581 data:
1379 2516 1533 2580 antehoc

324 2621 451 2701 tempus
467 2609 554 2679 e'rror
569 2614 601 2678 in
616 2614 677 2679 hac
693 2635 806 2678 caussa
827 2620 926 2699 atque
940 2613 1057 2677 invidia
1071 2620 1198 2678 versata
1212 2620 1273 2678 est.
1319 2613 1532 2695 Quamobrem

325 2714 401 2777 dum
416 2711 588 2777 multorum
602 2735 757 2777 annorum
766 2711 965 2777 accusationi
973 2713 1113 2776 breviter
1127 2712 1324 2797 dilucideque
1343 2712 1531 2796 respondeo,

325 2832 443 2896 quaeso
458 2818 496 2875 ut
510 2832 570 2889 me,
583 2810 718 2895 judices,
741 2809 837 2874 sicuti
854 2808 960 2873 iacere
981 2809 1178 2890 instituistis,
1194 2808 1331 2894 benigne
1343 2815 1532 2894 attenteque

325 2908 473 2973 audiatis.

372 3006 434 3071 IV.
458 3006 644 3091 Oorrupisse
667 3006 784 3070 dicitnr
803 3005 845 3069 A.
868 3004 1033 3070 Cluentius
1048 3005 1203 3091 judicium
1221 3004 1364 3090 pecunia,
1387 3026 1450 3090 quo
1472 3003 1532 3068 ini·

325 3104 442 3168 micum
476 3104 678 3169 innocentem
718 3102 859 3167 Statium
886 3102 1017 3167 Albium
1048 3104 1286 3168 condemnaret.
1343 3102 1529 3180 Ostendam,

323 3201 458 3285 judices,
489 3202 634 3286 primum,
659 3200 807 3285 quoniam
835 3210 933 3286 caput
954 3202 1037 3265 illius
1062 3201 1245 3266 atrocitatis
1269 3208 1366 3287 atque
1395 3200 1531 3264 invidiae

326 3298 388 3361 fuit
403 3299 604 3361 innocentem
626 3296 759 3382 pecunia
780 3296 1039 3377 circumventum,
1055 3298 1214 3363 neminem
1233 3320 1382 3383 umquam
1403 3296 1532 3381 majori-

327 3394 388 3456 bus
410 3394 600 3471 criminibus,
630 3394 827 3481 gravioribus
856 3396 994 3461 testibus
1022 3418 1091 3459 esse
1120 3396 1153 3459 in
1178 3396 1335 3481 judicium
1360 3403 1530 3459 vocatum:

328 3488 441 3553 deinde
456 3511 494 3553 ea
508 3491 548 3555 de
563 3513 601 3556 eo
615 3490 810 3577 praejudicia
831 3516 902 3558 esse
924 3494 1012 3559 sacta
1031 3494 1072 3557 ab
1094 3493 1171 3579 ipsis
1190 3493 1360 3578 judicibus,
1376 3515 1397 3558 a
1416 3492 1533 3578 quibus

327 3672 387 3722 than
398 3673 451 3722 that
461 3675 538 3724 which
551 3676 582 3724 he
598 3676 646 3725 hed
654 3676 706 3737 just
722 3677 781 3734 said,
794 3679 911 3727 ‘tacitum
944 3694 992 3727 was
1002 3678 1114 3726 involved
1130 3678 1157 3726 in
1172 3677 1216 3725 the
1231 3692 1297 3726 mma
1308 3678 1403 3739 charge,
1414 3676 1458 3724 the
1473 3690 1531 3738 pre-

329 3740 467 3801 cogitationi
484 3740 624 3802 subjicere3’
646 3742 684 3789 ior
703 3742 755 3789 that
772 3743 850 3791 which
868 3745 912 3791 the
943 3744 1011 3791 riom
1020 3740 1531 3805 condemnationsvers‘prsejndids'vith

329 3805 911 3868 oratornouldnotbavethe‘judioes'dowhile
942 3812 1037 3870 respect
1058 3815 1085 3855 to
1106 3808 1173 3864 bim3
1198 3808 1258 3869 they
1273 3806 1389 3855 rendered
1411 3806 1450 3853 his
1471 3821 1531 3853 con·

329 3868 393 3916 heia
404 3870 501 3931 making
512 3870 549 3918 bis
560 3871 709 3927 deteneahe
726 3886 796 3933 urges
807 3873 873 3920 thern
886 3879 913 3920 to
945 3872 1083 3919 damnation
1094 3888 1109 3919 a
1119 3872 1235 3934 probabis
1245 3877 1315 3919 erent
1325 3886 1385 3919 eren
1396 3870 1479 3917 before
1491 3870 1532 3917 his

330 3933 362 3981 do
378 3934 439 3981 el'oer
457 3934 487 3981 he
506 3934 550 3982 hes
566 3936 636 3983 made
652 3934 697 3983 it”
731 3936 781 3983 But
798 3936 912 3985 Garatoni
944 3938 999 3983 trial
1018 3935 1077 3998 (Pro
1094 3936 1204 3993 Caecina
1222 3952 1242 3983 c.
1259 3939 1283 3989 2,
1300 3939 1358 3983 ιιοιιι
1377 3935 1448 3984 land
1465 3950 1487 3981 c.
1505 3936 1531 3992 7,

329 3997 412 4045 thinks
423 3998 477 4045 that
494 3999 646 4061 'requiratis'
661 4000 740 4048 would
757 4000 787 4047 be
803 4001 914 4062 enough:
946 4000 1023 4063 note).
1056 4000 1136 4047 There
1146 4015 1195 4047 was
1205 4001 1299 4062 against
1309 4000 1459 4062 Oppianicus
1469 3998 1533 4046 both

330 4072 357 4109 at
367 4064 435 4117 least,
447 4062 478 4111 be
489 4078 551 4125 says,
563 4064 673 4112 aiterthe
683 4064 825 4125 speechwss
836 4066 914 4122 made,
946 4064 989 4112 the
999 4065 1091 4112 verdict
1106 4066 1133 4112 in
1150 4066 1192 4113 the
1209 4066 1322 4127 previous
1337 4064 1413 4121 trials,
1424 4064 1473 4110 and
1488 4064 1533 4111 the

331 4126 502 4175 thenitnessas
509 4143 570 4175 were
577 4128 817 4186 exsmined,notthe
829 4130 915 4176 ‘advo-
948 4128 1061 4176 evidence
1072 4144 1104 4176 on
1115 4129 1152 4177 his
1163 4144 1217 4176 own
1227 4130 1291 4177 trial.
1318 4129 1344 4176 li
1352 4128 1533 4189 bemgnilty.

332 4190 391 4237 cati'
407 4192 444 4238 lor
457 4191 500 4238 the
518 4192 624 4241 delenoe.
659 4192 698 4240 Ha
716 4192 799 4239 thinks
813 4193 867 4240 that
885 4198 916 4240 ‘a
948 4193 999 4241 itis
1014 4208 1081 4241 more
1091 4194 1164 4255 likely
1174 4194 1229 4240 that
1244 4194 1276 4240 he
1286 4193 1453 4254 vonldtryto
1464 4192 1534 4239 bribe

332 4253 383 4303 me'
401 4270 455 4317 may
472 4256 502 4303 be
512 4271 527 4303 a
537 4258 601 4317 gloss
618 4261 644 4305 to
662 4256 850 4318 ‘praeteritum'
867 4256 914 4304 and
947 4258 1006 4305 than
1019 4258 1074 4305 that
1084 4258 1210 4306 Cluentius
1220 4258 1315 4316 would3
1332 4257 1380 4305 snd
1391 4257 1480 4304 hevae
1490 4256 1534 4303 de-

332 4318 503 4367 that‘aninro'
514 4336 569 4383 may
583 4323 644 4369 have
660 4320 722 4368 been
740 4322 867 4383 suggested
883 4322 916 4384 by
948 4322 1027 4370 clared
1042 4323 1126 4384 guilty.
1161 4322 1188 4369 ll
1203 4322 1287 4370 Cicero
1303 4322 1374 4370 could
1395 4322 1462 4369 siros
1478 4320 1536 4368 that

333 4383 512 4444 ‘cogitatione’
948 4386 991 4434 the
1005 4386 1103 4449 bribery
1113 4401 1161 4433 was
1171 4401 1204 4433 on
1214 4388 1258 4434 the
1272 4392 1327 4449 part
1337 4386 1366 4433 oi
1374 4385 1533 4448 Oppianicus.

365 4448 389 4495 4.
402 4448 570 4510 praejudicia]
591 4448 671 4496 Thess
681 4448 775 4496 arethe
791 4450 857 4497 trien
873 4450 916 4499 be-
948 4450 996 4498 and
1007 4456 1052 4498 not
1066 4466 1099 4498 on
1109 4450 1152 4498 the
1164 4456 1219 4512 part
1229 4452 1258 4498 ot
1266 4451 1402 4506 Cluentius,
1413 4450 1474 4497 then
1489 4448 1535 4496 tha

332 4508 386 4556 tore
401 4511 444 4557 the
462 4511 517 4558 trial
534 4512 561 4558 oi
569 4511 725 4573 Oppianicus,
737 4513 785 4560 and
803 4514 846 4562 the
862 4529 915 4562 ver-
945 4516 1033 4576 jnstice
1053 4514 1081 4561 oi
1098 4515 1142 4561 the
1160 4515 1251 4563 verdict
1270 4516 1364 4575 against
1385 4513 1534 4577 Oppisnicus

332 4572 394 4622 dicta
410 4575 503 4635 maiust
517 4576 560 4622 the
575 4576 683 4625 accused.
716 4580 752 4626 As
768 4577 917 4640 Oppianicus
948 4578 1069 4627 wonldbe
1080 4580 1221 4628 confirmed.
1255 4578 1388 4632 Quintilian
1401 4578 1476 4642 (inst.
1486 4576 1534 4626 Or.
