3517 5325
432 485 567 553 ΟΒΑΤ.
591 485 684 554 PRO
708 485 757 554 M.
782 484 959 554 TULLIO
983 487 1086 556 GAP.
1110 489 1216 556 1.-6.
1363 491 1426 556 143

222 655 434 722 demonstrari
448 664 558 744 potest
577 679 673 744 quam
687 680 723 724 re
737 657 808 745 ipsa
825 666 886 736 est.
910 681 1013 745 neque
1030 658 1174 746 apertius
1193 658 1335 724 oratione
1356 682 1428 726 mea

221 752 291 818 fieri
306 775 402 840 quarn
417 755 559 842 ipsorum
573 756 771 821 confessione
786 758 981 834 factumest.

266 856 297 918 3.
321 853 429 933 Quum
453 854 487 918 in
518 853 579 918 hac
611 875 646 918 re
678 875 774 940 quarn
805 853 1049 920 commemoravi
1072 853 1149 918 mihi
1170 855 1323 918 mutanda
1344 855 1426 920 ratio

223 949 415 1014 defensionis
631 951 650 992 ⁴¹
868 953 888 993 ¹
1085 954 1104 994 *⁸
1299 953 1318 992 ⁴*

222 1047 327 1112 nunus
344 1047 512 1134 diligenter
531 1048 614 1114 illius
633 1048 903 1116 existimationem
926 1071 1021 1136 quam
1040 1071 1108 1114 rem
1130 1049 1179 1114 M.
1196 1048 1290 1114 Tullii
1305 1049 1427 1114 viderer

223 1145 402 1210 defendere.
447 1145 541 1211 Nunc
555 1147 704 1232 quoniam
720 1147 889 1228 Quinctius
903 1148 944 1212 ad
956 1169 1101 1212 caussam
1117 1145 1277 1234 pertinere
1292 1148 1425 1233 putavit,

223 1264 275 1306 res
288 1242 336 1306 ita
350 1243 477 1323 multas,
493 1244 590 1309 salsas
604 1245 791 1330 praesertim
805 1253 840 1310 et
854 1244 960 1330 inique
975 1245 1137 1324 confictas,
1155 1245 1295 1330 prolerre
1310 1245 1350 1308 de
1361 1245 1428 1310 vita

223 1347 259 1406 et
272 1340 413 1404 moribus
427 1349 461 1406 et
476 1341 711 1408 existimatione
728 1342 776 1408 M.
789 1341 894 1420 Tullii,
910 1342 1019 1406 multis
1031 1343 1071 1406 de
1086 1342 1208 1408 caussis
1219 1341 1295 1406 mihi
1306 1341 1427 1406 Fabius

224 1437 354 1504 debebit
366 1439 543 1524 ignoscere,
559 1439 589 1506 si
603 1440 707 1505 minus
726 1441 796 1525 ejus
814 1440 919 1504 ismae
935 1461 1063 1526 parcere
1078 1439 1209 1506 videbor
1223 1461 1317 1526 quam
1332 1447 1427 1504 antea

224 1535 376 1602 consului.

268 1637 299 1699 4.
323 1634 436 1700 Priore
609 1637 630 1678 ¹⁸
802 1637 822 1678 ⁵
996 1637 1016 1680 ⁴⁸
1190 1639 1209 1680 ¹*

224 1753 279 1796 ore
293 1731 418 1817 putavit
431 1733 473 1797 ad
487 1733 627 1798 officium
645 1755 740 1798 suum
759 1733 921 1820 pertinere
942 1733 1121 1798 adversario
1142 1733 1226 1798 nulla
1249 1733 1281 1798 in
1301 1757 1336 1800 re
1355 1757 1426 1822 par-

225 1850 306 1910 cere,
322 1830 397 1916 quid
411 1853 462 1896 me
476 1839 606 1917 oportet
621 1830 759 1896 Tullium
778 1854 836 1918 pro
852 1831 957 1896 Tullio
978 1833 1094 1909 facere,
1115 1832 1241 1898 homine
1256 1833 1426 1916 conjuncto

224 1949 349 1992 mecum
372 1950 436 1993 non
460 1930 566 1994 minus
587 1929 694 1994 animo
718 1951 813 2015 quam
838 1929 988 1994 nominet
1033 1929 1085 1994 Ac
1114 1929 1191 1994 mihi
1219 1930 1321 2016 magis
1350 1931 1426 1996 illud

224 2025 433 2092 laborandum
451 2027 585 2106 ridetur,
607 2027 872 2114 Recuperatores,
893 2035 931 2093 ut
954 2027 1039 2113 quod
1058 2035 1154 2094 antea
1177 2029 1255 2092 nihil
1274 2029 1307 2094 in
1330 2029 1426 2096 istum

225 2122 291 2186 dixi
317 2124 451 2208 probare
475 2125 603 2210 possim,
627 2147 721 2211 quam
743 2126 775 2190 in
798 2148 837 2191 eo
856 2125 1070 2212 reprehendar
1094 2127 1178 2212 quod
1201 2127 1262 2192 hoc
1283 2135 1427 2214 tempore

224 2223 411 2308 respondeo.

269 2324 299 2383 5.
324 2318 446 2384 Verum
467 2326 503 2386 et
528 2327 600 2386 tum
623 2320 656 2385 id
678 2319 740 2386 ieci
760 2320 847 2407 quod
868 2319 1022 2406 oportuit,
1046 2326 1081 2384 et
1102 2342 1187 2384 nunc
1208 2320 1322 2389 luciam
1342 2323 1427 2407 quod

223 2439 355 2482 necesse
369 2425 430 2484 est.
476 2419 558 2484 Nam
572 2443 671 2505 quum
684 2428 770 2484 esset
784 2419 824 2484 de
838 2441 874 2483 re
894 2417 1076 2504 pecuniaria
1097 2420 1321 2498 controversie,
1342 2420 1427 2504 quod

224 2517 373 2582 murnum
387 2517 499 2582 datum
515 2517 564 2581 M.
577 2516 681 2582 Tullio
696 2517 883 2594 diceremus,
896 2515 1033 2580 alienum
1048 2536 1118 2578 mea
1132 2523 1247 2581 natura
1261 2517 1427 2580 videbatur

223 2615 394 2701 quidquam
415 2615 455 2681 de
469 2614 705 2681 existimatione
720 2615 760 2695 Q.
778 2612 874 2678 Fabii
889 2613 1003 2693 dicere,
1019 2633 1083 2677 non
1098 2613 1172 2699 quia
1194 2635 1245 2679 res
1267 2613 1427 2701 postulare

222 2736 287 2777 non
307 2713 478 2778 rideretur.
524 2712 608 2792 Quid
627 2734 705 2797 ergo
725 2713 795 2777 esti
839 2710 983 2775 Tametsi
1002 2710 1144 2797 postulat
1165 2734 1288 2789 caussa,
1307 2720 1424 2789 tamem

222 2811 285 2875 nisi
300 2810 393 2895 plane
413 2810 504 2896 cogit
524 2808 678 2895 ingratiis,
694 2810 736 2873 ad
757 2808 1010 2873 maledicendum
1031 2831 1095 2873 non
1117 2810 1203 2875 soleo
1226 2809 1426 2875 descendere.

224 2908 331 2986 Nunc,
347 2928 446 2992 quum
463 2915 595 2972 coactus
616 2907 729 2986 dicam,
753 2906 876 2992 siquid
899 2906 983 2971 sorte
1005 2906 1118 2985 dicam,
1145 2918 1252 2973 tamen
1269 2908 1302 2971 id
1324 2908 1427 2993 ipsum

222 3004 402 3072 verecunde
415 3004 601 3090 modiceque
615 3004 741 3081 faciam,
757 3011 883 3069 tantum
898 3011 945 3084 ut,
962 3004 1109 3090 quoniam
1129 3004 1190 3071 eibi
1209 3028 1260 3069 me
1279 3028 1342 3069 non
1357 3026 1427 3070 esse

223 3102 386 3167 inimicum
408 3102 517 3187 potuit
539 3102 644 3187 Priore
665 3102 793 3167 actione
820 3102 940 3167 Fabius
962 3102 1118 3186 judicare,
1142 3125 1225 3168 nunc
1250 3103 1300 3170 M.
1323 3103 1427 3169 Tullio

222 3200 346 3265 fidelem
362 3208 546 3285 certumque
560 3199 696 3263 amicum
711 3221 782 3263 esse
796 3206 981 3286 cognoscat.

268 3300 297 3363 6.
321 3296 433 3361 Unum
455 3298 516 3361 hoo
537 3298 597 3361 abs
626 3304 670 3374 te,
694 3296 732 3363 L.
757 3296 896 3379 Quincti,
931 3296 1083 3383 pervelim
1117 3297 1426 3387 impetrare-quod

223 3394 353 3461 tametsi
378 3416 418 3461 eo
444 3395 525 3475 volo,
550 3395 625 3481 quia
649 3394 726 3459 mihi
750 3394 827 3460 utile
850 3400 910 3475 est,
938 3402 1046 3461 tamen
1071 3396 1130 3461 abs
1151 3403 1184 3461 te
1210 3396 1327 3464 idcirco
1351 3398 1426 3485 quia

222 3514 360 3579 aequum
382 3501 433 3559 est
457 3493 679 3579 postula-nt
702 3492 750 3558 ita
768 3493 829 3558 tibi
851 3492 989 3561 multum
1012 3495 1165 3581 temporis
1189 3496 1231 3561 ad
1257 3497 1426 3563 dicendum

258 3678 282 3727 3.
293 3676 450 3743 defmdoah]
461 3678 811 3729 'l'hesenseofthesevenlinea
842 3678 897 3728 'l'he
912 3678 995 3727 letters
1005 3679 1115 3729 between
1127 3694 1145 3729 s
1156 3680 1204 3729 sud
1215 3694 1233 3729 c
1244 3697 1285 3730 are
1299 3680 1425 3730 nummu

225 3742 303 3790 which
321 3759 362 3791 ara
381 3745 430 3793 lost
446 3760 524 3794 seems
541 3751 568 3793 to
584 3745 616 3793 be
629 3760 656 3793 aa
667 3744 811 3793 iollcrrar-
843 3744 869 3792 in
879 3744 923 3791 the
934 3744 994 3793 Cod.

225 3812 302 3855 “tum
323 3824 380 3871 erga
397 3810 424 3858 P.
437 3810 538 3858 Fabium
559 3810 632 3873 paulo
654 3808 811 3871 temperanda
874 3808 1054 3872 reprehendor]
1084 3808 1137 3857 'l'he
1159 3808 1219 3857 cod.
1241 3809 1285 3858 has
1314 3813 1425 3871 ‘reprae-

224 3877 263 3920 est
286 3873 361 3921 nimis
385 3874 428 3923 illa
447 3874 542 3933 lenitas,
562 3890 611 3939 qua
631 3880 703 3922 antes
721 3873 810 3920 famam
841 3870 951 3920 hendar.'

223 3938 290 3984 illius
300 3942 369 3985 tanto
380 3953 436 3986 cum
447 3936 808 3987 studioreldissimnlandorel
872 3940 897 3983 b.
923 3936 992 3997 puta]
1018 3936 1071 3983 The
1090 3936 1151 3984 Cod.
1170 3936 1213 3983 has
1236 3936 1329 3998 'quim'
1371 3936 1425 3985 Mai

223 4001 360 4049 excnnndo
377 4002 529 4057 foveram,ut
547 4018 597 4051 non
616 4002 679 4051 &c.”
711 4000 808 4049 Thisis
840 4000 1041 4048 commedit-⁸
1052 4000 1072 4047 ai
1085 4034 1108 4047 ..
1121 4000 1197 4047 dicam
1206 3998 1223 4046 τ’
1241 4015 1290 4049 cm.
1304 4000 1395 4047 Keller.

223 4066 267 4113 the
288 4066 442 4127 supplement
463 4068 491 4115 of
510 4068 613 4129 Peyron,
635 4065 753 4115 amended
775 4064 808 4126 by
872 4065 900 4111 s'd
916 4062 1009 4126 ipram]
1033 4062 1086 4111 The
1104 4063 1184 4112 Codex
1202 4064 1246 4111 has
1266 4064 1376 4121 ‘ideam'
1393 4080 1425 4113 an

224 4130 341 4177 Huschke
352 4148 358 4177 ε
374 4132 489 4194 probable
496 4132 592 4193 enough
602 4146 629 4178 as
639 4136 665 4178 to
676 4132 718 4179 the
729 4142 806 4185 sense,
839 4127 1004 4176 abbreviation
1016 4128 1119 4191 perhaps
1129 4129 1211 4175 rather
1217 4128 1275 4175 than
1288 4143 1302 4175 a
1313 4128 1423 4179 mistalre.

223 4208 250 4241 as
273 4194 357 4242 Keller
373 4211 445 4259 αγις
467 4196 549 4243 butas
560 4196 639 4243 tothe
657 4196 744 4252 words,
763 4198 808 4240 not
840 4192 865 4240 lt
885 4192 905 4239 is
919 4192 1150 4255 probablethatthe
1162 4192 1270 4240 Romans
1287 4192 1313 4239 in
1324 4193 1425 4243 familiar

223 4258 301 4305 worth
313 4260 394 4307 much.
840 4257 956 4319 speaking
967 4258 1036 4305 made
1046 4257 1095 4305 thia
1105 4256 1277 4305 abbreviation.

256 4326 281 4371 l.
297 4323 514 4387 Recuperotorffl
524 4322 569 4371 See
579 4322 636 4371 Vol.
645 4322 666 4369 1.
674 4322 731 4371 Dis.
739 4340 760 4371 c.
769 4326 807 4383 17,
872 4320 1024 4383 modiceque]
1043 4322 1097 4369 The
1108 4321 1167 4370 Cod.
1180 4322 1223 4369 has
1234 4320 1382 4385 ‘modique'
1399 4322 1424 4371 It

222 4392 290 4436 note.
839 4384 974 4446 lspossible
985 4386 1092 4434 thatthis
1104 4401 1158 4448 may
1169 4386 1200 4433 be
1210 4402 1225 4434 a
1235 4388 1339 4448 genuine
1351 4387 1424 4437 latin

250 4454 368 4513 possim]
379 4452 464 4502 Thisls
472 4453 515 4501 the
523 4452 660 4515 conjecture
667 4450 695 4499 oi
701 4451 807 4501 Carnem
840 4448 912 4507 iorm,
923 4450 1038 4513 thoughl
1050 4450 1121 4497 know
1132 4466 1164 4499 no
1175 4452 1296 4515 authority
1307 4452 1344 4501 sor
1355 4452 1382 4501 it.

222 4517 808 4579 nflffisfflmmmsssssmufim,
874 4516 899 4563 6.
925 4514 1039 4578 aequam]
1071 4516 1124 4564 The
1148 4516 1209 4565 Cod.
1234 4518 1278 4564 has
1307 4517 1424 4575 ‘aecum'

221 4592 302 4643 'nm
312 4593 334 4643 i,
352 4610 386 4643 „0
405 4594 481 4645 doubt
496 4593 571 4645 ,boue
588 4595 631 4644 the
648 4592 809 4644 mmm
841 4578 891 4627 and
902 4578 915 4627 l
927 4578 997 4630 don’t
1009 4580 1080 4629 know
1090 4581 1145 4647 why
1157 4580 1199 4631 the
1209 4580 1299 4631 editors
1309 4582 1369 4631 have
1380 4587 1425 4631 not
