3517 5325
298 487 363 552 244
528 483 664 549 ORAT.
687 483 779 549 PRO
802 484 845 547 A.
869 480 1077 549 OAEOINA
1100 483 1203 550 OAP.
1219 486 1272 549 36.

298 656 372 731 fide,
388 652 681 740 amplissimis'riris
697 653 849 718 Etruriae
863 653 967 718 totius
989 652 1023 717 iu
1037 660 1173 740 utraque
1196 653 1326 720 fortuna
1340 653 1505 740 cognitum

297 752 409 817 multis
422 751 522 836 signis
536 757 571 814 et
584 750 712 815 virtutis
727 757 761 815 et
783 751 1002 816 humanitatis.
1048 751 1083 816 Si
1098 751 1173 837 quid
1188 751 1221 815 in
1236 753 1397 817 contraria
1410 761 1504 838 parte

298 848 332 912 in
357 847 484 912 homine
505 847 729 911 offendendum
752 847 805 925 sit,
822 848 948 913 habetis
967 870 1049 928 eum,
1066 855 1104 914 ut
1125 849 1203 912 nihil
1229 850 1333 914 diuam
1355 849 1501 936 amplius,

299 946 402 1031 quise
417 945 560 1009 homines
576 945 719 1029 coegisse
734 945 884 1009 fateatur.
924 945 980 1010 Sin
994 945 1174 1010 hominibus
1188 947 1321 1011 remotis
1336 948 1375 1011 de
1391 969 1504 1012 mussa

299 1042 460 1128 quaeritis,
478 1064 575 1126 quum
586 1043 741 1126 judicium
755 1043 795 1106 de
809 1043 840 1106 vi
855 1042 908 1120 sit,
921 1042 949 1106 is
964 1043 1018 1128 qui
1033 1043 1180 1128 arguitur
1194 1045 1258 1108 vim
1273 1067 1308 1108 se
1322 1045 1502 1109 hominibus

298 1139 430 1203 armatis
444 1138 559 1203 fecisse
572 1139 720 1218 fateatur,
737 1140 892 1218 verbose,
908 1162 974 1204 non
995 1141 1157 1226 aequitate
1172 1141 1340 1206 defendere
1356 1150 1499 1220 conetur,
1561 1129 1565 1149 ’

298 1237 332 1300 id
357 1258 483 1323 qnoque
506 1235 536 1299 ei
561 1237 693 1300 verbum
718 1235 822 1322 ipsum
847 1245 993 1323 ereptum
1018 1259 1088 1302 esse
1113 1239 1257 1318 videatis,
1273 1239 1502 1305 auctoritatem

298 1335 606 1422 sapientissimorum
615 1335 780 1399 hominum
792 1335 899 1400 faeere
914 1335 1133 1414 nobiseum,ii1
1153 1337 1307 1421 judicium
1321 1359 1385 1401 non
1394 1339 1501 1403 venire

298 1441 406 1498 utrum
416 1433 459 1496 A.
473 1431 610 1496 Caecina
623 1434 801 1518 possederit
814 1427 923 1512 necne,
933 1439 1042 1497 tamen
1054 1429 1158 1498 doceri
1174 1435 1374 1520 possedisse3
1398 1437 1501 1500 multo

298 1530 397 1596 etiam
419 1529 524 1594 minus
548 1531 656 1615 quaeri
680 1529 724 1595 A.
740 1529 895 1595 caecinae
920 1530 1037 1596 fundus
1060 1530 1103 1596 sit
1126 1554 1236 1608 necne,
1262 1553 1313 1596 me
1336 1539 1446 1598 tamen
1467 1535 1501 1598 id

298 1627 404 1713 ipsum
426 1627 582 1705 docuisse,
597 1627 731 1691 fundum
754 1650 825 1692 esse
841 1627 998 1691 Caecinae
1009 1651 1160 1714 :-quum
1179 1629 1258 1694 haee
1277 1630 1324 1695 ita
1343 1630 1417 1710 sint,
1434 1638 1500 1696 sta-

297 1724 381 1787 tuite
404 1723 479 1808 quid
501 1745 559 1786 vos
584 1730 731 1808 tempora
753 1725 799 1789 rei
822 1725 968 1810 publicae
992 1726 1032 1788 de
1056 1727 1189 1792 amatis
1211 1727 1401 1808 hominibus,
1425 1729 1501 1814 qnid

298 1821 382 1884 illius
396 1819 552 1883 confessio
575 1821 616 1884 de
630 1820 670 1899 vi,
688 1821 763 1906 quid
787 1828 900 1886 nostra
922 1822 1039 1887 decisio
1064 1823 1104 1888 de
1131 1824 1304 1910 aequitate,
1320 1825 1396 1912 quid
1417 1827 1500 1893 ratio

298 1916 461 1982 interdicti
475 1917 514 1980 de
525 1917 597 2000 jure
611 1917 782 2004 admoneat
796 1925 834 1983 ut
844 1919 1007 2002 judicetis.

330 2113 618 2176 amplissimis-ntiae]
642 2114 725 2162 Baiter
745 2114 788 2163 has
816 2117 882 2164 ‘am-
915 2115 1081 2179 hserilyaster
1095 2118 1227 2168 ‘ridentia’
1262 2120 1345 2170 Keller
1355 2122 1500 2172 wouldaase

297 2177 406 2252 piissimo
417 2178 492 2225 tutius
503 2177 614 2226 Etruriae
622 2178 735 2227 nomine!
769 2179 882 2227 ltisim-
914 2181 934 2228 it
945 2181 977 2242 by
988 2183 1112 2244 repeating
1119 2184 1162 2231 the
1169 2185 1250 2243 ποιάς
1267 2185 1315 2233 and
1323 2186 1382 2233 then
1393 2187 1436 2234 the
1446 2193 1499 2236 text

297 2242 582 2319 possibletedetermine
589 2243 632 2290 the
642 2248 696 2291 true
705 2244 811 2306 reading.
837 2245 883 2293 See
915 2246 992 2294 would
1003 2246 1048 2294 be:
1067 2252 1191 2310 ‘ereptum
1207 2265 1259 2297 essa
1274 2250 1381 2308 rideatis,
1398 2253 1498 2300 rideatis

299 2306 665 2356 Keller'nndBmter'snotes.
914 2311 1098 2370 auctoritatem:
1111 2317 1155 2361 &a
1189 2313 1229 2362 He
1239 2316 1346 2363 remarks
1356 2316 1410 2364 that
1420 2317 1499 2365 where

331 2374 378 2420 Sin
396 2373 533 2420 dominibus
543 2373 707 2450 -J'udieetifl
737 2372 791 2422 The
811 2374 881 2422 verbs
913 2389 928 2422 a
946 2376 1012 2452 wurd
1027 2377 1071 2424 hus
1089 2377 1150 2426 been
1166 2379 1279 2453 repeated
1297 2379 1331 2442 by
1347 2380 1439 2441 Cicero,
1456 2382 1499 2430 the

294 2436 431 2565 “f‘mu'rss
438 2435 882 2567 ffinetmnrtgngrzes'tvrg'udw
913 2446 1018 2504 uopyists
1028 2440 1166 2491 haveotten
1176 2443 1279 2492 umrtted
1288 2443 1316 2493 it.
