3517 5325
324 497 389 559 200
654 491 789 558 ORAT.
814 490 905 555 PRO
931 490 973 555 A.
998 489 1203 556 CAECINA

325 686 439 743 sorem,
466 670 634 750 propterea
661 665 747 749 quod
774 663 870 730 fidem
899 683 1002 726 meam
1032 661 1292 747 diligentiamque
1321 667 1530 747 praestarem,

326 785 519 849 quaequam
534 762 658 826 suntin
672 771 783 826 actore
796 783 939 836 caussae,
956 760 1032 824 nihil
1048 767 1099 824 est
1114 760 1146 823 in
1164 781 1199 824 re
1214 760 1403 844 praesertim
1419 769 1532 846 aperta

325 884 364 926 ac
378 860 510 946 simplici
531 860 616 944 quod
638 860 796 923 excellens
819 859 981 944 ingenium
1003 857 1193 942 requiratur.
1240 857 1304 921 Sed
1326 879 1422 942 quum
1437 858 1476 921 de
1492 880 1530 922 eo

325 959 402 1022 mihi
415 959 487 1042 jure
502 957 671 1020 dicendum
685 958 728 1021 sit
743 958 828 1042 quod
844 957 1005 1041 pertineat
1026 957 1067 1020 ad
1083 967 1201 1032 omnes,
1218 956 1303 1041 quod
1318 957 1530 1022 constitutum

324 1055 402 1120 sita
416 1054 599 1138 majoribus,
617 1061 838 1118 conservatum
853 1054 1007 1139 usquead
1023 1054 1084 1116 hoc
1099 1060 1234 1138 tempus,
1247 1075 1309 1140 quo
1324 1055 1452 1118 sublato
1466 1077 1530 1118 non

324 1154 427 1217 solum
441 1174 515 1237 pars
529 1151 635 1236 aliqua
646 1152 728 1236 juris
743 1151 916 1228 deminuta,
932 1149 988 1213 sed
999 1151 1097 1214 etiam
1107 1151 1153 1214 vis
1168 1172 1205 1215 ea
1221 1171 1301 1235 quae
1312 1151 1378 1235 juri
1392 1153 1530 1216 maxime

324 1259 376 1315 est
388 1249 568 1314 adversaria
579 1251 700 1334 judicio
715 1248 904 1313 confirmata
919 1269 989 1312 esse
1004 1248 1159 1326 videatur,
1173 1249 1266 1312 video
1281 1249 1395 1312 summi
1411 1249 1530 1334 ingenii

324 1369 471 1412 caussam
485 1369 565 1425 esse,
582 1369 646 1410 non
658 1356 696 1411 ut
710 1347 744 1410 id
758 1347 997 1410 demonstretur
1017 1347 1101 1431 quod
1114 1355 1190 1411 ante
1206 1345 1315 1410 oculos
1329 1352 1389 1422 est,
1405 1346 1463 1409 sed
1477 1368 1526 1426 ne,

324 1444 352 1508 si
366 1445 437 1530 quis
452 1445 541 1508 vobis
555 1466 643 1508 error
657 1446 691 1508 in
712 1452 805 1509 tanta
825 1465 861 1508 re
884 1443 928 1508 sit
948 1443 1103 1528 objectus,
1126 1465 1236 1508 omncs
1249 1444 1357 1528 potius
1374 1465 1426 1507 me
1445 1445 1528 1509 arbi-

323 1549 451 1607 trentur
472 1565 604 1606 caussae
627 1565 723 1628 quam
742 1565 800 1607 vos
821 1542 965 1629 religioni
987 1549 1112 1607 vestrae
1135 1543 1282 1608 defuisse.
1328 1543 1528 1628 Quamquam

324 1663 385 1724 ego
406 1640 482 1704 mihi
504 1640 551 1704 sic
565 1642 752 1725 persuadeo,
774 1637 1026 1726 recuperatores,
1050 1662 1115 1704 non
1136 1663 1193 1705 vos
1214 1648 1283 1706 tam
1297 1649 1428 1727 propter
1445 1643 1529 1728 juris

323 1739 493 1803 obscuram
508 1737 700 1823 dubiamque
719 1739 876 1803 rationem
898 1737 948 1802 bis
959 1739 1027 1822 jam
1042 1738 1082 1802 de
1097 1739 1208 1802 cadem
1224 1759 1337 1802 caussa
1352 1731 1525 1818 dubitasse,

324 1858 421 1921 quam
435 1836 520 1921 quod
534 1835 661 1900 videtur
674 1837 716 1899 ad
735 1858 892 1900 summam
907 1835 991 1899 illius
1006 1835 1272 1900 existimationem
1293 1836 1352 1901 hoc
1372 1837 1528 1921 judicium

324 1935 492 2019 pertinere,
503 1955 624 1997 moram
639 1934 680 1996 ad
696 1934 970 1997 condemnandum
981 1933 1162 2018 acquisisse,
1176 1933 1317 1999 simul'et
1331 1933 1374 1998 illi
1389 1934 1528 2020 spatium

324 2033 365 2095 ad
381 2053 451 2094 sese
466 2031 675 2116 colligendum
691 2031 826 2097 dedisse.
872 2031 965 2111 Quod
980 2031 1129 2116 quoniam
1140 2033 1207 2116 jam
1222 2032 1255 2095 in
1269 2033 1527 2097 consuetudinem

323 2129 420 2206 venit,
438 2136 472 2192 et
486 2128 518 2191 id
534 2129 592 2192 viri
605 2129 689 2206 boni,
706 2129 805 2194 vestri
820 2129 947 2206 similes,
969 2129 1002 2192 in
1020 2129 1194 2213 judicando
1214 2129 1343 2209 iaciunt,
1360 2131 1526 2216 reprehen-

323 2227 462 2290 dendum
476 2227 612 2291 fortasse
625 2227 739 2305 minus,
756 2228 953 2312 querendum
968 2249 1041 2292 vero
1061 2227 1164 2313 magis
1186 2229 1284 2294 etiam
1298 2230 1430 2309 videtur,
1455 2230 1526 2294 ideo

322 2326 408 2412 quod
423 2326 529 2390 omnia
544 2326 666 2410 judicia
679 2334 737 2392 aut
751 2327 1031 2391 distrahendarum
1047 2328 1343 2406 controversiarum,
1367 2337 1423 2393 aut
1438 2330 1527 2415 puni-

322 2425 478 2488 endorum
492 2423 719 2488 maleficiorum
734 2447 848 2488 caussa
861 2433 991 2510 reperta
1004 2431 1098 2500 sunt;
1123 2447 1258 2511 quorum
1277 2426 1412 2492 alterum
1427 2427 1526 2492 levius

322 2536 382 2600 est,
417 2531 587 2608 propterea
616 2524 700 2609 quod
729 2533 764 2588 et
791 2524 898 2587 minus
926 2523 1034 2602 laedit,
1065 2531 1099 2587 et
1127 2545 1279 2610 persaepe
1313 2525 1525 2611 disceptatore

321 2619 496 2685 domestico
520 2620 732 2705 dijudicatur;
756 2621 892 2686 alterum
914 2627 965 2685 est
987 2621 1307 2701 vehementissimum,
1331 2624 1415 2709 quod
1432 2623 1526 2689 etad

321 2720 482 2805 graviores
496 2740 547 2783 res
562 2720 710 2803 pertinet,
727 2726 762 2783 et
776 2742 839 2783 non
854 2719 1057 2783 honorariam
1071 2741 1201 2804 operam
1220 2720 1321 2799 amici,
1338 2722 1396 2785 sed
1411 2720 1525 2785 severi-

321 2825 423 2884 tatem
434 2816 551 2902 judicis
565 2839 603 2880 ac
614 2818 677 2882 vim
691 2817 835 2903 requirit.
881 2816 975 2897 Quod
990 2824 1041 2881 est
1055 2818 1180 2904 gravium
1195 2825 1229 2883 et
1244 2818 1335 2903 cujus
1350 2818 1396 2883 rei
1411 2840 1526 2884 caussa

321 2916 458 2978 maxime
480 2914 599 2999 judicia
624 2914 806 2986 constituta,
825 2921 909 2993 sunt,
927 2914 960 2978 id
979 2915 1049 2999 Jam
1071 2915 1154 2978 mala
1174 2916 1403 2980 cousuetudine
1425 2916 1525 2981 disso-

320 3014 423 3077 lutum
448 3026 510 3077 est.
554 3012 639 3076 Nam
664 3020 702 3077 ut
724 3034 867 3098 quaeque
890 3034 942 3076 res
965 3020 1016 3077 est
1038 3013 1231 3099 turpissima,
1256 3014 1303 3079 sic
1329 3016 1466 3079 maxime
1490 3024 1540 3081 et-

321 3111 536 3181 maturissime
555 3110 745 3174 vindicanda
760 3117 828 3175 est:
852 3116 889 3173 at
910 3112 951 3174 de
974 3112 1085 3175 eadem
1103 3114 1173 3188 hac,
1195 3113 1268 3198 quia
1282 3113 1526 3179 existimationis

320 3208 494 3293 periculum
519 3214 578 3284 est,
610 3206 792 3272 tardissime
817 3207 991 3291 judicatur.
1055 3209 1121 3275 III.
1146 3210 1208 3291 Qui
1237 3210 1335 3294 igitur
1364 3212 1522 3291 convenit,

320 3327 403 3390 quae
417 3327 529 3369 caussa
545 3305 642 3369 fuerit
656 3304 697 3368 ad
708 3304 966 3369 constituendum
986 3306 1151 3390 judicium,
1168 3308 1300 3373 eandem
1316 3330 1439 3373 moram
1454 3332 1524 3375 esse

353 3500 499 3564 damiana]
517 3500 684 3550 Thereisalso
694 3500 842 3563 theresding
852 3502 904 3551 ‘di-
969 3504 1121 3568 acquire'sse,]
1142 3504 1215 3555 Klots
1230 3506 1278 3555 and
1289 3505 1371 3555 Baiter
1385 3507 1446 3556 hare
1462 3510 1523 3555 ‘an-

227 3554 233 3563 ’
320 3564 431 3612 minuta!
466 3566 575 3614 SeeVol.
588 3566 609 3614 1.
621 3566 690 3613 Verr.
701 3566 726 3613 ii.
738 3568 847 3615 sess.
937 3568 1055 3629 quiuisse,'
1071 3570 1150 3618 which
1168 3572 1190 3619 is
1208 3587 1224 3619 a
1238 3572 1415 3633 conjectarent
1429 3571 1522 3621 Guliel-

354 3630 462 3693 tejam]
481 3630 908 3693 Therebadbeentwohearingsci
936 3632 1007 3682 mins.
1106 3646 1108 3653 ⁴

319 3694 362 3741 the
378 3708 439 3752 case,
456 3695 504 3743 and
515 3697 535 3743 it
545 3710 593 3743 eras
609 3694 741 3757 adjourned
757 3701 784 3743 to
800 3710 815 3743 a
830 3696 903 3745 third.
970 3698 1197 3762 distrahendarum]
1216 3700 1275 3747 'l'his
1286 3700 1352 3749 word
1362 3701 1383 3747 is
1394 3700 1523 3763 explained

319 3758 417 3807 ludices
435 3774 464 3806 or
480 3760 669 3822 Recuperatorss
687 3759 756 3807 could
772 3761 905 3821 adjcnrna
937 3762 970 3823 hy
988 3762 1030 3810 the
1049 3764 1171 3825 lodowing
1188 3780 1288 3828 passage
1310 3764 1396 3828 (Gaius
1411 3766 1444 3813 ir.
1462 3765 1521 3829 91)=

318 3838 374 3871 csse
384 3824 410 3870 in
420 3824 492 3872 order
502 3830 528 3871 to
538 3825 627 3871 inform
638 3824 782 3872 themselves
792 3824 878 3874 better.
938 3831 954 3855 “
966 3827 1008 3874 sed
1023 3828 1082 3875 baec
1095 3830 1186 3890 species
1201 3828 1354 3890 obligationis
1367 3844 1417 3878 non
1428 3830 1523 3879 ridetur

351 3903 470 3936 summ
488 3891 556 3936 iltius
575 3889 790 3952 exstinctiones]
812 3890 838 3938 lt
854 3906 904 3938 was
937 3906 967 3938 ex
977 3896 1102 3940 contractu
1114 3894 1252 3951 consistere,
1264 3896 1320 3956 quia
1330 3895 1350 3941 is
1362 3894 1404 3957 qui
1414 3894 1523 3943 solvendi

318 3958 364 3999 not
374 3958 430 3999 true
439 3953 494 4000 thet
508 3953 611 4000 lnfsmia
621 3968 669 4000 rrae
679 3969 694 4000 a
704 3968 868 4017 consequence
878 3956 907 4003 oi
937 3957 1017 4003 ardino
1034 3956 1083 4014 dat,
1098 3958 1174 4019 magis
1188 3958 1320 4006 dhhahere
1330 3960 1382 4007 vult
1398 3960 1522 4021 negotium

318 4016 457 4064 anadveme
468 4017 596 4079 judgment
605 4019 631 4065 in
642 4018 749 4066 tbecase
763 4018 792 4066 ol
805 4020 901 4067 theim
936 4035 1008 4083 quam
1030 4020 1236 4070 contrahere.''-—‘
1246 4024 1405 4087 disceptatore
1427 4024 1522 4071 domes·

318 4080 447 4128 terdictum
458 4081 489 4128 de
499 4082 531 4138 ri,
542 4097 572 4129 or
581 4083 607 4129 ln
617 4083 661 4129 the
671 4098 725 4130 case
735 4084 765 4130 ol
775 4099 822 4146 any
833 4085 904 4133 other
935 4084 984 4132 tica
994 4084 1009 4131 κ’
1027 4086 1129 4135 alriend
1142 4092 1168 4134 tc
1179 4087 1259 4135 whose
1274 4088 1380 4136 derision
1397 4088 1540 4150 adispnte,

319 4144 435 4192 luterdict
445 4144 512 4207 (Dig.
523 4148 563 4193 43.
574 4148 609 4195 lt.
621 4146 676 4209 13),
687 4148 734 4194 and
741 4147 824 4195 Cicero
832 4149 902 4196 could
936 4148 956 4196 is
967 4149 1078 4197 referred.
1106 4152 1225 4214 Compare
1236 4152 1283 4200 Pro
1291 4154 1317 4199 P.
1327 4154 1435 4209 Quintio,
1444 4168 1466 4199 c.
1476 4154 1503 4201 ll
1514 4170 1521 4211 ς

317 4214 362 4256 not
375 4210 459 4256 intend
470 4216 495 4257 to
506 4211 582 4257 affirm
597 4212 662 4259 what
677 4227 746 4273 every
757 4212 821 4275 body
832 4213 902 4260 knew
934 4213 982 4261 and
994 4214 1047 4262 Vol.
1061 4216 1082 4262 l.
1094 4216 1162 4263 Verr.
1175 4217 1199 4263 ii.
1212 4218 1235 4263 8.
1248 4232 1269 4264 c.
1281 4218 1321 4272 72.

317 4278 344 4319 to
355 4273 386 4319 be
396 4273 462 4321 false.
496 4275 519 4322 Δ
531 4275 658 4337 jndgment
674 4278 767 4337 against
783 4278 902 4326 Aebutius
966 4284 993 4325 st
1004 4280 1034 4326 ds
1049 4280 1131 4327 eadem
1143 4280 1210 4342 tna]
1230 4280 1290 4329 This
1301 4283 1322 4329 is
1334 4282 1375 4329 the
1385 4281 1485 4343 reading
1494 4280 1524 4329 oi

316 4338 396 4384 would
412 4339 521 4386 however
539 4340 570 4387 be
583 4356 599 4388 a
617 4341 799 4401 Praeiudicium,
815 4358 842 4389 ss
858 4343 901 4389 the
933 4342 975 4390 the
994 4344 1070 4391 'Itrrin
1088 4344 1230 4408 Palimpsest
1247 4344 1336 4409 (prima
1355 4344 1455 4408 manu)=
1478 4346 1522 4393 the

317 4402 425 4450 Romans
439 4403 514 4451 mlled
531 4405 558 4462 it,
573 4405 621 4453 and
632 4407 709 4453 would
725 4406 755 4453 be
769 4421 837 4455 some
851 4409 900 4455 eri·
932 4407 1001 4454 ether
1014 4409 1112 4470 reading
1128 4411 1149 4457 is
1168 4414 1209 4457 ‘at
1225 4410 1327 4468 eedem,’
1343 4410 1421 4457 which
1438 4410 1522 4459 liciter

316 4466 391 4514 denec
406 4468 500 4528 against
513 4470 565 4517 him
581 4470 604 4517 ir
616 4470 654 4519 bis
666 4471 756 4519 violent
771 4476 823 4518 acts
838 4487 900 4520 were
932 4470 1032 4520 follows.
1068 4474 1141 4522 Klots
1156 4474 1200 4523 has
1218 4488 1285 4524 some
1303 4475 1410 4524 remarks
1425 4490 1458 4523 cn
1476 4475 1522 4523 the

315 4530 358 4607 the
382 4532 476 4595 subject
497 4534 527 4583 ol
546 4550 562 4583 a
582 4534 708 4583 Publicium
732 4534 764 4582 de
784 4536 808 4583 vl
828 4536 900 4585 suci-
932 4550 1032 4599 passage
1043 4536 1118 4602 (Pref.
1130 4553 1154 4601 p.
1167 4538 1202 4603 7).

316 4610 388 4645 cum,
