3517 5325
323 471 387 540 174
639 469 775 535 ORAT.
803 469 895 534 PRO
923 469 972 536 M.
997 469 1202 536 FONTEIO

323 651 419 717 etiam
438 639 577 717 breviter
599 652 856 738 interrogandus,
873 659 908 716 et
930 675 1025 738 saepe
1048 652 1146 717 etiam
1167 673 1231 716 nou
1254 653 1519 740 interrogandus;

322 771 363 812 ne
377 755 434 813 aut
447 751 531 814 irato
546 750 680 814 facultas
695 751 736 813 ad
751 750 920 814 dicendum
936 751 1012 814 data
1029 757 1087 814 aut
1109 751 1223 836 cupido
1239 753 1416 818 auctoritas
1430 756 1524 820 attri-

322 847 402 910 buta
416 868 486 911 esse
501 847 656 912 videatur.
702 846 774 910 Vos
789 853 824 911 et
837 847 965 932 saepius
985 847 1126 910 eamdem
1142 869 1209 911 rem
1224 847 1337 913 animis
1351 850 1474 935 agitare
1489 860 1524 916 et

323 943 442 1008 diutius
456 965 519 1007 uuo
534 944 573 1007 de
588 951 673 1008 teste
695 944 839 1029 cogitare
861 943 997 1029 potestis
1010 969 1019 1018 3
1044 951 1087 1021 et,
1103 944 1130 1008 si
1145 965 1239 1030 quem
1254 965 1313 1008 nos
1328 945 1523 1032 interrogare

321 1040 487 1117 noluimus,
518 1062 600 1125 quae
629 1062 740 1105 caussa
768 1040 863 1104 nobis
892 1041 1020 1106 tacendi
1049 1041 1145 1105 fuerit
1174 1041 1358 1106 existimare
1388 1044 1522 1109 debetis.

324 1136 535 1215 Quamobrem
560 1137 588 1200 si
612 1138 673 1201 boo
699 1137 801 1221 judici
824 1137 1057 1223 praescriptum
1083 1138 1154 1223 lege
1177 1147 1235 1202 aut
1259 1139 1364 1203 officio
1389 1142 1520 1224 putatis,

321 1234 459 1297 testibus
474 1233 614 1308 credere,
636 1233 715 1297 nibil
740 1240 790 1298 est
812 1257 868 1320 cur
882 1235 962 1299 alius
976 1233 1039 1298 alio
1059 1234 1166 1319 judice
1189 1234 1301 1298 melior
1323 1243 1380 1300 aut
1399 1238 1523 1321 sopien-

321 1329 385 1392 tior
399 1329 609 1394 existimetur.
655 1330 766 1393 Unum
784 1340 836 1396 est
857 1332 941 1394 enim
962 1339 996 1396 et
1015 1331 1149 1416 simplex
1168 1331 1292 1396 aurium
1308 1333 1471 1415 judicium,
1487 1343 1524 1398 et

321 1425 498 1510 promiscue
521 1433 556 1489 et
579 1427 789 1491 communiter
809 1428 919 1492 stultis
941 1449 980 1492 ac
1002 1427 1197 1512 sapientibus
1215 1429 1256 1491 ab
1271 1436 1387 1492 natura
1401 1430 1522 1494 datum.

323 1522 407 1601 Quid
430 1528 482 1586 est
505 1522 604 1608 igitur
626 1523 681 1587 ubi
705 1525 828 1588 elucere
851 1525 955 1610 possit
977 1524 1154 1610 prudentia,
1176 1525 1231 1587 ubi
1254 1525 1388 1588 discerni
1403 1527 1524 1590 stultus

320 1618 448 1682 auditor
462 1625 497 1682 et
511 1620 658 1683 credulus
673 1621 713 1683 ab
728 1621 875 1705 religioso
891 1628 925 1685 et
940 1621 1075 1705 rapienti
1090 1621 1220 1704 judicet
1265 1621 1422 1686 Nimirum
1436 1621 1520 1702 illud,

321 1715 354 1776 in
369 1735 432 1798 quo
446 1735 584 1799 eaquae
608 1715 757 1778 dicuutur
777 1738 798 1780 a
819 1717 961 1781 testibus
975 1717 1177 1800 conjecturae
1197 1724 1232 1782 et
1251 1719 1437 1803 cogitationi
1456 1725 1522 1783 tra·

303 1812 449 1889 duntur,
466 1818 587 1896 quanta
599 1812 801 1891 auctoritate,
818 1821 939 1898 quanta
956 1812 1052 1876 animi
1067 1813 1239 1898 aequitate,
1256 1822 1375 1900 quanto
1390 1815 1520 1900 pudore,

322 1914 442 1994 quauta
463 1908 535 1986 fide,
553 1915 673 1992 quauta
693 1909 853 1993 religione,
870 1917 990 1994 quanto
1013 1910 1119 1972 studio
1144 1909 1390 1974 existimationis
1409 1913 1520 1989 bonae,

321 2010 441 2088 quauta
456 2025 541 2082 cura,
560 2012 682 2090 quanto
704 2005 820 2070 timore
842 2006 997 2070 dicantur.
1043 2005 1110 2069 XI.
1133 2006 1188 2069 An
1203 2029 1277 2070 vero
1291 2029 1348 2071 vos
1362 2009 1395 2070 id
1410 2008 1442 2071 iu
1456 2015 1522 2071 tes-

321 2101 462 2166 timoniis
477 2101 639 2165 hominum
653 2103 860 2166 barbarorum
875 2101 1072 2181 dubitabitis,
1090 2103 1174 2187 quod
1189 2125 1343 2189 persaepe
1363 2111 1397 2169 et
1411 2113 1522 2170 nostra

321 2208 355 2262 et
378 2205 508 2282 patrum
536 2199 688 2262 memoria
713 2199 938 2284 sapientissimi
964 2200 1090 2284 judices
1115 2200 1155 2264 de
1184 2201 1364 2264 clarissimis
1393 2210 1522 2267 nostrae

320 2295 460 2360 civitatis
482 2295 558 2360 viris
583 2296 791 2361 dubitandum
814 2319 878 2361 non
900 2298 1114 2382 putaverunt?
1136 2298 1190 2383 qui
1209 2298 1267 2362 (in.
1284 2309 1318 2363 et
1334 2299 1372 2380 Q.
1390 2300 1521 2385 anpio-

320 2393 422 2470 uibus,
441 2393 478 2457 L.
494 2408 528 2457 et
544 2394 583 2474 Q.
595 2393 738 2457 Metellis
752 2394 890 2458 testibus
906 2395 939 2457 in
955 2393 993 2474 Q.
1008 2394 1206 2479 Pompeium,
1222 2395 1380 2460 hominem
1394 2419 1520 2474 novum,

320 2511 385 2552 non
410 2489 630 2554 crediderunt:
663 2512 797 2575 quorum
821 2491 943 2568 virtuti,
969 2491 1087 2575 generi,
1114 2493 1209 2556 rebus
1237 2493 1337 2577 gestis
1362 2494 1457 2557 fidem
1486 2503 1522 2558 et

320 2586 544 2650 auctoritatem
558 2587 591 2650 in
605 2587 788 2651 testimonio
803 2588 990 2673 cupiditatis
1009 2595 1107 2673 atque
1129 2587 1365 2654 inimicitiarum
1381 2590 1521 2677 suspicio

320 2683 493 2767 derogavit.
540 2683 683 2768 Ecquem
705 2686 863 2748 homiuem
878 2685 1020 2765 vidimus,
1037 2706 1169 2770 ecquem
1188 2708 1261 2751 vere
1277 2708 1521 2752 commemorare

320 2800 489 2863 possumus
512 2801 619 2864 parem
642 2781 783 2861 consilio,
806 2782 977 2866 gravitate,
994 2782 1185 2858 constantia,
1208 2784 1323 2849 ceteris
1338 2783 1519 2863 virtutibus,

320 2876 457 2955 honoris,
484 2876 609 2961 ingenii,
634 2900 740 2941 rerum
764 2885 929 2962 gestarum
953 2880 1147 2943 ornamentis
1171 2880 1220 2943 M.
1237 2881 1373 2945 Aemilio
1399 2882 1520 2947 Scauro

320 2972 439 3036 luisset
471 2980 578 3037 tamen
601 2975 705 3059 hujus,
736 2976 829 3061 cujus
857 2975 989 3059 injurati
1018 2984 1097 3041 nutu
1126 3000 1225 3064 prope
1251 2986 1408 3043 terrarum
1434 2980 1521 3045 orbis

319 3071 498 3153 regebatur,
519 3071 621 3154 jurati
650 3072 835 3136 testimonio
863 3092 966 3157 neque
992 3072 1025 3135 iu
1048 3073 1085 3137 0.
1102 3074 1275 3139 Fimbriam
1295 3098 1396 3161 neque
1425 3077 1458 3140 iu
1481 3078 1518 3142 0.

322 3165 511 3240 Memmium
526 3168 683 3231 creditum
698 3176 758 3231 est.
803 3168 983 3233 Noluerunt
998 3170 1019 3232 ii
1035 3171 1087 3255 qui
1098 3172 1290 3255 judicabant
1312 3174 1392 3237 hauc
1407 3182 1519 3259 patere

320 3262 494 3326 inimicitiis
516 3264 607 3341 viam,
624 3286 717 3350 quem
739 3264 871 3349 quisque
895 3266 1024 3345 odisset,
1048 3276 1085 3331 ut
1108 3290 1180 3331 eum
1202 3270 1385 3335 testimonio
1408 3280 1519 3355 posset

320 3357 441 3421 tollere.
480 3359 627 3438 Quantus
641 3361 673 3423 in
690 3361 727 3424 L.
745 3360 861 3425 Crasso
876 3364 979 3446 pudor
993 3364 1097 3440 fuerit,
1114 3366 1199 3449 quod
1215 3367 1382 3449 ingenium,
1400 3376 1521 3452 quauta

321 3454 509 3523 auctoritas.
525 3456 595 3540 quis
610 3457 757 3542 ignorati
801 3457 922 3522 Tamen
937 3460 974 3537 is,
994 3462 1084 3545 cujus
1108 3462 1204 3526 etiam
1227 3486 1330 3527 sermo
1344 3464 1519 3528 testimonii

319 3549 547 3615 auctoritatem
571 3553 718 3629 habebat,
742 3554 927 3619 testimonio
949 3556 1017 3641 ipso
1040 3559 1173 3641 quaein
1192 3560 1239 3622 M.
1258 3559 1446 3624 Marcellum
1461 3561 1519 3624 ini-

319 3648 402 3712 mico
427 3648 532 3712 animo
559 3650 640 3714 dixit
662 3652 798 3735 probare
822 3674 886 3715 non
909 3654 1024 3737 potuit.
1071 3654 1158 3732 Fuit,
1186 3656 1247 3721 fuit
1272 3656 1333 3721 illis
1358 3658 1519 3742 judicibus

320 3744 459 3808 divinum
480 3767 519 3809 ac
542 3746 711 3832 singulare,
732 3749 868 3833 judices,
886 3750 1059 3827 consilium,
1076 3751 1131 3835 qui
1150 3774 1186 3817 se
1200 3774 1264 3816 uon
1280 3754 1382 3817 solum
1397 3756 1437 3818 de
1452 3776 1517 3833 reo,

318 3959 374 4007 nius
392 3974 462 4021 saysr
491 3962 565 4007 “non
584 3964 635 4008 tam
654 3965 682 4008 ut
699 3962 790 4023 prosim
811 3962 901 4011 caussis
935 3964 988 4012 ‘De
1003 3963 1158 4013 Testimouiis
1172 3966 1244 4015 irritis
1259 3966 1296 4014 vel
1307 3966 1391 4027 ratis?
1410 3969 1464 4016 wbo
1475 3968 1519 4018 bas

318 4022 441 4071 elaborare
459 4023 524 4071 soleo
544 4039 616 4085 quam
635 4030 664 4072 ut
682 4026 788 4087 nequid
806 4026 900 4075 obsim:
934 4028 1052 4076 usodtbis
1063 4031 1200 4091 passageol'
1213 4030 1304 4078 Cicero.

317 4102 367 4198 iffi
389 4087 608 4197 quiudppitgrpdum
626 4089 661 4164 ¹sit
684 4089 841 4199 ipatptroque,
859 4090 902 4137 sad
966 4093 1004 4139 M.
1016 4093 1122 4203 Aemgio
1135 4094 1242 4204 ᾃᾶιαιιὲοθ]
1250 4094 1290 4205 οἳ.
1303 4095 1398 4207 {latrina
1413 4094 1520 4207 Fimlborgs

317 4166 399 4262 aad
413 4166 510 4261 dut„
526 4157 670 4276 ,millii
683 4167 902 4277 ⁰,„.f.1.³..2‚⁰3¹¹¹⁸1⁸,'3
933 4168 982 4265 :2⁶3
992 4156 1171 4275 altars.
1185 4173 1249 4268 „sl
1250 4174 1306 4270 10¹3?
1338 4172 1519 4271 alitum

317 4279 343 4325 ii.
355 4281 388 4333 74
398 4278 467 4324 thera
482 4293 522 4325 are
539 4294 606 4326 some
621 4278 682 4340 good
699 4280 806 4327 remarks
817 4296 849 4327 ou
859 4281 903 4329 the
933 4296 995 4329 were
1011 4284 1132 4345 acquitted
1148 4284 1258 4347 (brutus,
1270 4301 1290 4333 c.
1303 4289 1343 4343 34,
1355 4286 1407 4349 45),
1425 4286 1519 4348 tbougb

317 4341 479 4389 examirution
489 4342 655 4391 olvitncsses.
936 4346 1039 4394 Scaurus
1049 4362 1108 4408 gave
1119 4349 1230 4396 evidence
1240 4351 1333 4411 against
1345 4351 1419 4397 them.

352 4406 390 4451 11.
411 4406 439 4461 Q.
463 4406 627 4469 Pompeium]
649 4407 681 4460 Q.
704 4407 833 4470 Pompeius
854 4423 902 4457 aas
967 4411 998 4458 L.
1019 4412 1116 4473 tiam]
1142 4412 1187 4459 See
1209 4412 1250 4460 tbe
1271 4428 1370 4476 passage
1391 4414 1420 4462 ol
1437 4414 1520 4461 Valer.

317 4468 419 4529 charged
438 4470 496 4517 sith
515 4470 679 4532 Repetundaa,
697 4486 754 4519 ac.
779 4474 832 4529 1³8,
854 4472 903 4520 aud
935 4473 1036 4523 Maxim.
1048 4474 1138 4537 quoted
1148 4476 1230 4524 abore.

317 4532 447 4595 acquitted.
480 4533 567 4596 comp.
586 4535 666 4584 valer.
689 4535 791 4584 Maxim.
808 4536 859 4584 viii.
877 4540 902 4594 ὃ,
