3517 5325
252 432 259 442 ·
309 490 373 557 too
647 483 783 549 ORAT.
806 480 898 548 PRO
922 480 958 547 O.
982 480 1178 546 RABIRIO

309 665 424 724 senatu
447 656 615 721 detrahere
643 655 783 741 possitis,
814 654 945 718 laudare
975 652 1205 725 consuevistis:
1239 674 1337 737 quum
1366 661 1520 739 equester

308 758 468 821 ordo-at
496 771 630 839 quorum
658 752 810 838 equitum,
841 752 886 815 dii
919 751 1135 816 immortales!
1175 756 1303 836 patrum
1331 759 1518 816 nostrorum

307 862 407 939 atque
429 855 500 939 ejus
520 851 647 927 aetatis,
672 872 754 936 quae
775 856 844 913 tum
865 871 1015 934 magnam
1036 856 1160 934 partem
1182 848 1229 911 rei
1250 850 1395 935 publicae
1416 857 1517 936 atque

309 973 435 1019 omnem
449 950 639 1036 dignitatem
657 949 850 1034 judiciorum
864 948 1136 1033 tenebat-quum
1153 968 1262 1011 omues
1277 948 1416 1011 omniurn
1432 948 1516 1012 ordi-

308 1072 385 1114 num
400 1049 551 1125 homines,
563 1047 660 1133 quiin
675 1046 777 1111 salute
792 1046 994 1131 reipublicae
1009 1046 1145 1109 sulutem
1156 1064 1245 1108 suam
1257 1046 1432 1130 repositam
1444 1068 1515 1111 esse

308 1149 555 1222 arbitrabantur,
571 1167 661 1209 arma
675 1144 856 1230 cepissent,
883 1143 959 1229 qnid
981 1143 1110 1207 taudem
1135 1143 1171 1208 0.
1189 1142 1318 1207 Rabirio
1335 1144 1516 1207 faciendum

308 1248 392 1312 fuist
436 1246 488 1309 De
510 1252 544 1309 te
566 1245 645 1329 ipso,
668 1244 805 1328 iuquam,
824 1242 972 1318 Labiene,
989 1262 1124 1326 quaero:
1150 1262 1247 1327 quum
1268 1242 1311 1325 ad
1330 1262 1419 1305 arma
1439 1264 1515 1307 oon-

309 1346 393 1411 sules
408 1366 449 1409 ex
469 1342 745 1408 senatusconsulto
759 1340 980 1411 vocavissent:
1006 1360 1102 1425 quum
1124 1348 1265 1404 armatus
1282 1340 1330 1403 M.
1347 1340 1513 1415 Aemilius,

308 1443 456 1530 princeps
485 1448 624 1515 senatus,
655 1439 687 1502 in
717 1437 846 1502 comitio
872 1437 1079 1516 constitisset,
1111 1438 1164 1522 qui
1193 1460 1290 1523 quum
1314 1439 1436 1523 ingredi
1461 1438 1514 1503 rix

308 1547 427 1626 posset,
444 1557 508 1601 non
522 1538 564 1602 ad
578 1538 806 1623 insequendum
828 1535 889 1599 sibi
912 1534 1100 1600 tarditatem
1122 1536 1247 1620 pedum,
1265 1538 1377 1601 sed'ad
1391 1538 1514 1622 fugien-

309 1639 386 1702 dum
410 1636 635 1721 impedimento
656 1635 724 1698 fore
746 1635 905 1720 putabat;
929 1654 1026 1719 quum
1048 1632 1183 1719 denique
1199 1634 1237 1715 Ω.
1255 1634 1415 1712 Scaevola,
1440 1656 1515 1698 con-

309 1736 414 1800 fectus
436 1741 611 1810 senectute,
641 1733 786 1818 perditus
814 1732 934 1810 morbo,
965 1752 1097 1795 mancus
1126 1739 1173 1796 et·
1189 1732 1339 1796 membris
1367 1733 1515 1797 omnihus

309 1842 423 1918 captus
437 1854 475 1896 ac
491 1831 612 1909 debilis,
629 1830 736 1895 hastili
757 1831 860 1907 nixus,
885 1836 919 1893 et
933 1828 1029 1892 animi
1044 1829 1107 1893 vim
1124 1837 1158 1894 et
1173 1830 1388 1895 infirmitatem
1400 1853 1513 1917 corpu·

308 1930 354 1994 ris
377 1930 578 2001 ostenderet,
604 1950 700 2012 quum
728 1928 766 1991 L.
793 1927 956 2003 Metellus,
983 1927 1051 1991 Ser.
1079 1927 1191 2006 Galba,
1218 1928 1254 1993 O.
1279 1928 1443 2007 Serranus,
1473 1929 1513 1994 P.

310 2027 461 2104 Rutilius,
485 2026 521 2091 0.
539 2026 692 2101 Fimbria,
717 2025 757 2105 Ω.
773 2025 907 2090 Catulus
930 2046 1101 2110 omnesque
1118 2026 1171 2111 qui
1193 2032 1263 2091 tum
1286 2034 1377 2091 erant
1400 2048 1512 2092 consu-

308 2126 392 2190 lares
413 2147 470 2210 pro
493 2125 596 2189 salute
611 2116 768 2187 communi
788 2124 1076 2210 concoepissent,
1101 2145 1198 2208 quum
1214 2146 1323 2189 omnes
1337 2133 1510 2210 praetores,

309 2230 425 2288 cuncta
453 2222 603 2285 nobilitas
632 2242 671 2284 ac
696 2222 848 2305 juventus
877 2229 1066 2299 accurreret,
1093 2221 1150 2287 (ln.
1177 2230 1211 2286 et
1239 2222 1275 2287 L.
1300 2222 1443 2303 Domitii,
1474 2224 1510 2289 L.

310 2322 454 2397 Crassus,
473 2319 512 2399 Ω.
531 2318 667 2396 Mucius,
693 2318 728 2382 0.
747 2318 908 2396 Claudius,
934 2318 983 2383 M.
1001 2318 1148 2395 Drusus;
1174 2342 1270 2405 quum
1291 2342 1399 2384 omues
1415 2321 1512 2386 Octa·

308 2420 358 2498 vii,
385 2418 519 2497 Metelli,
543 2417 567 2480 J
570 2417 633 2494 ulii,
658 2414 768 2494 Cassii,
794 2414 943 2494 Catones,
969 2416 1134 2502 Pompeii,
1160 2440 1257 2503 quum
1279 2418 1315 2482 L.
1335 2418 1510 2505 Philippus,

311 2518 350 2581 L.
367 2516 484 2602 Scipio,
510 2538 606 2601 quum
624 2514 672 2579 M.
691 2514 840 2599 Lepidus,
863 2536 959 2599 quum
985 2514 1175 2589 Delirutus,
1200 2537 1297 2601 quum
1314 2516 1365 2579 hic
1387 2516 1455 2601 ipse
1472 2518 1510 2583 P.

311 2615 469 2694 Servilius,
500 2637 562 2700 quo
591 2622 629 2678 tu
652 2613 852 2698 imperatore,
880 2611 1029 2690 Labiene,
1061 2612 1224 2690 meruisti;
1265 2636 1360 2700 quum
1390 2615 1442 2680 hic
1472 2616 1512 2698 Ω.

310 2715 451 2790 Catulus,
482 2713 653 2776 admodum
682 2721 752 2778 tum
780 2712 974 2790 adolescens,
1006 2733 1104 2798 quum
1133 2713 1184 2776 hic
1215 2713 1251 2778 O.
1279 2715 1384 2791 (lurio,
1415 2739 1513 2801 quum

310 2813 445 2896 denique
468 2833 578 2875 omnes
601 2809 765 2875 clarissimi
780 2809 838 2872 viri
858 2817 933 2872 'cum
957 2807 1140 2872 consulibus
1160 2817 1275 2889 esseut,
1292 2811 1367 2897 quid
1383 2815 1514 2877 tandem

311 2911 347 2975 (l.
373 2911 538 2974 Rabirium
567 2910 670 2974 facere
696 2907 866 2972 couvenitl
911 2907 1033 2971 Utrum
1061 2907 1217 2972 inclusum
1245 2917 1343 2995 atque
1368 2912 1514 2976 abditum

248 2999 251 3003 ’
309 3009 408 3072 latere
434 3009 466 3071 in
492 3007 629 3085 occulto,
654 3014 751 3091 atque
778 3005 936 3090 ignaviam
959 3027 1049 3068 suam
1070 3007 1273 3070 tenebrarum
1294 3029 1333 3072 ac
1355 3009 1514 3094 parietum

310 3107 461 3171 custodiis
484 3114 603 3192 tegere,
630 3127 672 3168 an
696 3105 728 3167 in
756 3103 945 3189 Capitolium
970 3125 1101 3188 pergere
1123 3113 1220 3189 atque
1243 3105 1288 3168 ibi
1308 3128 1343 3170 se
1365 3128 1437 3170 cum
1455 3114 1512 3172 tuo

309 3213 423 3290 patruo
439 3215 472 3269 et
488 3205 602 3269 ceteris
624 3204 665 3266 ad
686 3212 824 3266 mortem
841 3209 972 3287 propter
986 3203 1069 3268 vitae
1084 3203 1313 3288 turpitudinem
1329 3205 1512 3292 confugien-

309 3303 396 3366 tibus
412 3302 624 3384 congregare?
645 3321 687 3361 an
710 3321 783 3361 cum
801 3298 918 3377 Mario,
945 3300 1074 3379 Scauro,
1099 3298 1221 3378 (latulo,
1248 3301 1391 3380 Metello,
1417 3303 1511 3368 Scae-

308 3399 389 3474 vola,
413 3420 487 3461 cum
512 3397 604 3459 bonis
628 3394 763 3479 denique
785 3395 933 3460 omnihus
957 3395 1043 3462 coire
1064 3419 1128 3461 non
1150 3398 1243 3462 modo
1265 3399 1387 3478 salutis,
1404 3421 1512 3464 verum

308 3495 406 3559 etiam
421 3493 551 3579 periculi
567 3489 776 3557 societatem?

335 3653 626 3713 laadancoaruerr'rtr'al
640 3653 745 3701 ‘abuma
752 3653 892 3712 codicibus‚'
924 3654 968 3703 tha
979 3655 1026 3703 Pto
1036 3653 1154 3704 Murena:
1175 3659 1191 3684 “
1200 3654 1289 3704 Morbo
1299 3657 1430 3718 confectus,
1439 3659 1510 3707 lacri-

308 3718 398 3767 Baiter.
432 3717 490 3766 ldo
506 3725 551 3766 not
568 3719 638 3767 lmow
655 3719 736 3767 where
753 3719 796 3767 the
814 3720 893 3768 worda
926 3721 972 3768 mis
989 3726 1132 3768 etmoerora
1143 3721 1274 3782 perditus.”
1309 3723 1418 3772 Valerius
1429 3724 1509 3772 Maxi-

308 3799 375 3832 came
385 3784 457 3832 nom.
926 3800 980 3832 mus
993 3782 1037 3848 (iii.
1049 3789 1073 3832 2.
1088 3785 1128 3847 18)
1140 3786 1184 3833 has
1195 3787 1242 3834 this
1254 3793 1329 3850 story.

336 3849 580 3912 patrum-cetctr'r,]
600 3848 740 3910 Something
747 3849 768 3896 is
775 3848 895 3911 supposed
960 3851 992 3897 P.
1015 3849 1155 3913 Seruium]
1176 3851 1303 3910 Isauricus,
1326 3853 1381 3900 who
1397 3853 1509 3901 defeated

307 3914 429 3962 tobeout
445 3915 473 3961 of
489 3913 559 3961 order
569 3913 634 3962 herc.
667 3914 721 3961 The
732 3913 892 3975 Eqrdoeahad
924 3913 966 3961 the
985 3913 1098 3962 Ciliclana
1115 3915 1162 3962 and
1182 3917 1240 3963 took
1259 3917 1372 3978 Corycus,
1394 3918 1508 3975 Phaselis,

307 3979 351 4027 the
371 3979 466 4027 Judicia
487 3985 513 4026 at
534 3979 576 4026 the
592 3979 651 4026 time
672 3978 700 4025 of
719 3978 797 4025 which
818 3979 892 4026 heis
924 3979 972 4026 and
985 3979 1112 4041 Olympus.
1149 3979 1213 4028 Hera
1224 3997 1260 4028 we
1271 3983 1337 4030 learn
1354 3982 1408 4030 that
1420 3983 1509 4031 Labie·

308 4044 425 4106 speaking
435 4043 511 4090 under
521 4043 563 4091 the
574 4044 625 4090 Lex
637 4044 785 4104 Sempronia.
925 4059 970 4090 nus
988 4043 1036 4091 had
1054 4044 1137 4092 served
1157 4045 1232 4092 under
1248 4047 1299 4093 him
1317 4048 1342 4094 in
1361 4049 1426 4095 Asia.
1460 4049 1508 4095 La-

346 4110 373 4164 Q.
394 4109 530 4170 Scaevola]
548 4107 610 4155 Thia
628 4123 676 4154 was
695 4108 736 4155 the
754 4108 838 4168 Augur
860 4107 892 4159 Q.
926 4108 1010 4156 bieuus
1022 4123 1070 4155 was
1081 4109 1176 4171 already
1193 4126 1208 4157 a
1225 4127 1282 4158 man
1298 4112 1325 4158 of
1338 4127 1404 4159 soma
1415 4113 1508 4174 experi-

308 4173 405 4220 Mucius
421 4173 540 4219 Scaevola.
581 4173 634 4219 The
650 4173 680 4224 Q.
697 4173 801 4228 Mucius,
813 4172 892 4218 whom
924 4187 983 4220 euce
1005 4174 1075 4220 when
1101 4173 1189 4222 Caesar
1218 4176 1277 4224 took
1304 4177 1354 4224 him
1382 4181 1408 4224 to
1431 4177 1509 4225 Gallia

308 4239 341 4285 he
361 4238 499 4285 afterwards
524 4238 651 4293 mentions,
670 4252 719 4283 was
741 4238 772 4288 Q.
795 4237 892 4284 Mucius
926 4236 967 4301 (B.
981 4238 1011 4286 G.
1023 4237 1060 4300 ι)

308 4301 429 4358 Scaevola,
460 4302 568 4348 Pontifex
602 4302 892 4363 Maximae-‘perditur
958 4305 1186 4366 eoireeoeiefulem]
1206 4305 1268 4352 “Tc
1286 4305 1348 4352 form
1366 4321 1381 4352 a
1398 4311 1507 4367 partuer-

308 4366 407 4414 morbo'
427 4367 505 4413 isthe
525 4366 598 4412 MSS.
616 4367 721 4426 reading,
739 4367 766 4413 in
783 4367 850 4426 place
866 4365 895 4412 os
925 4367 1211 4428 ship,acombination.”
1248 4369 1507 4419 ItisoneofCicero'a

307 4431 385 4478 which
395 4429 568 4492 ‘praepeditus'
580 4431 671 4490 hasgot
679 4431 731 4477 into
738 4445 810 4491 many
818 4430 892 4476 ofthe
925 4432 1084 4494 expressions.

307 4494 419 4542 editions.
453 4495 569 4543 Graevius
584 4509 707 4556 compares
725 4510 740 4542 a
756 4495 892 4556 passagein
