3517 5325
327 479 390 542 120
676 469 817 534 onor,
836 466 927 532 rao
959 468 998 549 q.
1021 463 1187 530 uoscro

326 644 517 709 liberalitate
531 642 626 727 hujus
642 641 797 727 promissa
815 640 859 706 ait
878 646 913 705 et
931 640 1116 702 ostentata?
1162 635 1304 717 Quorum
1322 636 1459 701 alterum
1479 642 1532 702 est

327 744 457 829 gravius
472 751 506 807 et
520 741 680 816 odiosius;
705 741 842 804 alterum
864 737 965 802 levius
985 743 1019 802 et
1039 736 1171 801 facilius.
1217 734 1305 814 Quae
1321 757 1361 798 ex
1375 735 1531 800 societate

328 843 502 906 debeatur?
547 839 631 918 Quid
644 839 712 902 ais?
757 837 832 902 Hoc
843 837 912 921 jam
926 858 1027 921 neque
1042 835 1152 900 leviter
1174 834 1337 898 ferendum
1351 839 1411 908 est,
1428 855 1531 918 neque

327 941 526 1027 negligenter
552 938 791 1002 defendendum.
837 935 871 998 Si
891 957 953 1020 qua
970 935 1053 999 enim
1073 941 1148 998 sunt
1164 933 1289 1018 privata
1305 933 1425 1017 judicia
1444 955 1531 996 sum-

329 1060 399 1102 mae
414 1037 658 1102 existimationis
672 1042 707 1100 et
721 1057 821 1122 paeue
836 1035 941 1098 dicam
956 1033 1080 1119 capitis,
1103 1032 1165 1097 tria
1182 1033 1260 1096 haec
1283 1040 1368 1108 sunt,
1385 1031 1529 1106 fiduciae,

330 1137 459 1214 tutelae,
476 1135 649 1200 societatis.
694 1134 809 1218 Aeque
823 1132 907 1196 enim
923 1131 1124 1217 perfidiosum
1146 1137 1180 1194 et
1202 1130 1356 1194 nefarium
1370 1137 1421 1194 est
1435 1129 1531 1193 fidem

328 1237 475 1320 frangere
489 1256 569 1320 quae
589 1233 733 1298 continet
752 1233 860 1309 vitam,
884 1238 918 1294 et
939 1230 1091 1317 pupillum
1109 1229 1255 1294 fraudare
1273 1229 1327 1314 qui
1348 1229 1383 1292 in
1397 1228 1531 1294 tutelam

332 1332 486 1418 pervenit,
514 1339 547 1396 et
567 1331 689 1396 socium
713 1331 821 1394 fallere
844 1328 898 1414 qui
924 1349 959 1392 se
983 1327 1016 1390 in
1045 1326 1175 1413 negotio
1205 1326 1381 1412 conjunxit.
1441 1325 1531 1406 Quae

329 1451 426 1514 quum
441 1431 487 1493 ita
501 1429 575 1506 sint,
592 1429 646 1515 qui
660 1431 705 1494 sit
718 1428 772 1515 qui
785 1427 909 1493 socium
919 1425 1074 1489 fraudarit
1085 1433 1119 1490 et
1127 1424 1273 1489 fefellerit
1284 1425 1530 1489 consideremus.

330 1527 435 1592 Dabit
451 1527 536 1591 cuim
550 1527 643 1590 nobis
653 1529 722 1611 jam
736 1527 836 1592 tacite
851 1525 918 1589 vita
931 1530 1005 1588 acta
1019 1523 1051 1586 in
1065 1523 1252 1586 alterutram
1268 1529 1391 1607 partem
1405 1524 1531 1587 firmum
1623 1607 1627 1616 .

328 1633 363 1690 et
384 1647 480 1710 grave
501 1624 728 1690 testimonium.
774 1625 812 1705 Q.
833 1623 988 1688 Roscius?
1033 1621 1116 1702 Quid
1135 1620 1203 1684 aisf
1247 1619 1369 1702 Nonne,
1390 1629 1427 1687 ut
1447 1623 1530 1709 ignis

329 1724 363 1787 in
377 1745 492 1809 aquam
507 1722 672 1806 conjectus
686 1723 838 1788 continuo
860 1719 1070 1806 restinguitur
1089 1725 1123 1783 et
1141 1719 1355 1806 refrigeratur,
1372 1721 1418 1785 sic
1433 1721 1529 1785 refer-

329 1843 406 1885 vens
428 1820 544 1884 falsum
558 1820 677 1884 crimen
700 1821 733 1884 in
756 1819 956 1906 purissimam
983 1825 1017 1882 et
1032 1817 1242 1882 castissimam
1261 1817 1359 1882 vitam
1377 1819 1530 1883 collatum

328 1918 440 1983 statim
455 1917 595 1982 concidit
609 1925 643 1982 et
664 1918 900 2003 exstinguitur?
945 1915 1082 1980 Roscius
1103 1915 1225 1980 socium
1241 1915 1421 1982 fraudavit!
1466 1916 1529 1979 Po-

328 2023 395 2080 test
409 2016 470 2081 boc
485 2016 603 2079 homini
619 2016 691 2079 huic
705 2017 836 2080 haerere
850 2023 1026 2101 peccatum,
1045 2012 1098 2098 qui
1113 2013 1236 2077 medius
1257 2013 1360 2093 fidius,
1377 2015 1530 2080 audacter

329 2114 411 2192 dico,
428 2114 498 2200 plus
512 2114 586 2177 fidei
601 2136 696 2199 quam
715 2114 803 2189 artis,
820 2113 891 2199 plus
911 2112 1055 2178 veritatis
1075 2133 1170 2196 quam
1190 2111 1373 2197 disciplinae
1388 2113 1530 2198 possidet

328 2212 361 2276 in
376 2235 432 2288 se;
458 2235 552 2297 quern
572 2214 707 2298 populus
725 2213 889 2277 Romanus
914 2211 1075 2276 meliorem
1097 2211 1199 2274 virum
1224 2233 1319 2297 quam
1343 2211 1530 2276 histrionem

327 2333 398 2375 esse
412 2312 606 2385 arbitratum
632 2312 685 2397 qui
700 2312 748 2377 ita
762 2311 967 2397 dignissimus
982 2316 1032 2373 est
1053 2330 1148 2374 scena
1165 2317 1296 2395 propter
1310 2309 1477 2374 artificium
1493 2319 1530 2376 ut

327 2410 533 2497 dignissimus
546 2411 590 2476 sit
605 2411 693 2475 curia
713 2419 845 2497 propter
866 2409 1101 2474 abstinentiam.
1148 2409 1211 2472 Sed
1232 2407 1307 2494 quid
1323 2429 1383 2494 ego
1402 2409 1530 2494 ineptus

327 2510 368 2574 de
383 2510 501 2574 Roscio
514 2510 600 2596 apud
617 2509 768 2573 Pisonem
782 2509 875 2573 dicor
913 2508 1064 2594 Ignotum
1080 2506 1237 2570 hominem
1251 2505 1374 2570 scilicet
1387 2507 1530 2592 pluribus

327 2609 431 2673 verbis
460 2608 655 2674 commendo.
699 2606 802 2672 Estne
831 2606 998 2693 quisquam
1027 2604 1166 2671 omniurn
1188 2604 1370 2669 mortalium
1398 2605 1438 2669 de
1467 2629 1529 2692 quo

326 2706 437 2771 melius
460 2706 622 2770 existimes
644 2707 701 2769 tur
746 2704 849 2767 Estne
864 2705 1029 2790 quisquam
1052 2702 1105 2787 qui
1129 2702 1187 2767 tibi
1208 2702 1324 2787 purior,
1348 2704 1526 2788 pudentior,

325 2804 499 2879 humanior,
515 2803 692 2880 officiosior,
709 2800 928 2888 liberaliorque
942 2802 1105 2867 videatur!
1150 2800 1242 2881 Quid,
1265 2808 1310 2875 tu,
1335 2801 1451 2882 Saturi,
1475 2804 1529 2889 qui

326 2909 440 2967 contra
464 2903 549 2966 hunc
575 2900 672 2981 venis,
703 2901 869 2965 existimas
897 2901 1008 2967 aliteri
1053 2900 1176 2979 Nonne,
1208 2900 1466 2985 quotiescumque
1495 2902 1528 2966 in

325 3022 439 3064 caussa
453 3000 485 3062 in
500 3022 615 3064 nomen
638 2999 733 3083 hujus
751 2998 899 3073 incidisti,
920 2998 1017 3062 toties
1037 2998 1120 3061 huuc
1137 3003 1170 3061 et
1195 2997 1296 3060 virum
1319 2998 1437 3062 bonum
1459 3021 1528 3063 esse

325 3097 435 3162 dixisti
449 3104 483 3160 et
506 3096 638 3160 honoris
660 3116 775 3159 caussa
792 3094 978 3179 appellasti?
1001 3095 1086 3178 quod
1110 3116 1203 3158 nemo
1223 3092 1283 3157 nisi
1301 3102 1358 3157 aut
1371 3094 1528 3161 honestis-

325 3195 405 3258 simo
421 3200 479 3257 aut
497 3192 690 3256 amicissimo
710 3191 814 3255 facere
832 3191 1005 3255 consuevit.
1052 3192 1123 3272 Qua
1143 3192 1175 3255 iu
1192 3213 1226 3255 re
1248 3192 1324 3254 mibi
1350 3192 1478 3257 ridicule
1493 3216 1529 3258 es

325 3292 411 3354 visus
426 3312 497 3353 esse
512 3290 699 3353 inconstans
715 3290 768 3375 qui
783 3289 929 3353 eumdem
944 3296 977 3353 et
992 3290 1133 3355 laederes
1155 3296 1188 3353 et
1209 3288 1362 3369 laudares,
1380 3297 1413 3355 et
1428 3292 1537 3360 virum⁴

357 3500 381 3545 s.
398 3498 662 3561 afflictationum]
688 3498 910 3556 SeeProQuintio,
943 3500 983 3548 Ad
1001 3500 1119 3548 Fam.rii.
1133 3501 1178 3556 12;
1196 3496 1376 3560 Gnosiam).
1411 3498 1436 3546 It
1451 3500 1530 3561 might

325 3576 347 3609 c,
368 3564 406 3618 lo,
422 3569 488 3610 note.
522 3564 576 3611 The
595 3565 673 3611 ‘actio
690 3563 850 3612 tutelac’war
867 3565 911 3612 tha
943 3564 974 3613 be
990 3565 1067 3613 either
1083 3580 1098 3613 a
1117 3562 1264 3611 ‘condictio'
1283 3578 1311 3611 or
1328 3578 1343 3610 u
1361 3562 1453 3611 ‘bonae
1472 3565 1530 3612 fidei

324 3627 405 3673 action
415 3626 444 3673 of
452 3627 494 3674 the
514 3627 644 3689 ‘pupillus'
656 3629 749 3689 against
759 3629 797 3675 hir
812 3629 909 3686 ‘tuton'
942 3628 1021 3677 actio!

324 3692 367 3738 the
378 3706 543 3754 consequence
558 3693 586 3739 of
598 3692 676 3740 which
687 3707 735 3739 was
752 3692 874 3740 ‘infamia’
891 3694 913 3741 if
974 3694 1108 3755 afferam]
1142 3692 1201 3741 Thia
1212 3708 1294 3740 meana
1312 3692 1417 3754 ‘bolling
1427 3692 1488 3750 bot,'
1501 3708 1530 3742 or

320 3756 450 3817 judgment
470 3772 519 3805 was
537 3758 631 3817 agaim
651 3757 694 3804 the
715 3756 813 3805 ‘tutor’
856 3758 911 3806 'l'ha
942 3758 1048 3819 ‘boiling
1069 3758 1141 3805 over)
1186 3758 1212 3806 It
1233 3758 1282 3805 also
1311 3772 1394 3805 meum
1421 3758 1531 3821 ‘cooling

323 3822 418 3870 ‘tutor'
430 3822 480 3869 also
491 3822 588 3871 mure
600 3820 717 3868 ‘infamia’
729 3822 750 3868 if
767 3822 799 3869 he
810 3838 859 3870 m
871 3838 910 3870 re-
943 3824 1013 3870 down
1021 3822 1036 3880 ς’
1054 3823 1101 3870 aud
1118 3838 1144 3870 ro
1156 3824 1175 3870 lt
1186 3838 1241 3885 may
1251 3822 1407 3885 consistently
1418 3822 1475 3869 with
1487 3823 1530 3871 the

322 3886 412 3934 moved
422 3886 483 3934 from
495 3886 533 3934 hia
543 3888 611 3933 office
621 3900 649 3933 ur
660 3886 816 3948 ‘rupem'
844 3898 849 3906 ·
942 3902 984 3935 uae
995 3888 1023 3934 of
1031 3902 1058 3935 re
1068 3888 1094 3934 in
1105 3888 1261 3949 compouuds.

355 3951 480 3999 ‘lbducin'
501 3952 522 3999 is
544 3951 586 3998 the
607 3950 745 3999 confidence
763 3951 841 3999 which
862 3966 910 3999 one
974 3952 1166 4013 abstinentium]
1185 3950 1530 4013 Thegrcatbisuionictulent

322 4030 379 4063 mun
390 4020 447 4077 puts
457 4017 483 4063 in
494 4016 601 4071 mother,
609 4030 636 4062 aa
646 4016 716 4062 arbon
726 4016 820 4077 hepnts
831 4030 909 4064 rome·
943 4014 1090 4080 (artificium)
1101 4017 1128 4064 of
1138 4017 1238 4063 Medus
1248 4017 1319 4063 made
1329 4016 1378 4063 him
1390 4016 1433 4063 the
1444 4018 1497 4065 first
1504 4017 1534 4064 of

322 4080 392 4141 thing
402 4081 454 4126 into
468 4080 506 4126 his
516 4080 593 4127 banda
604 4078 642 4126 for
652 4079 702 4127 eafa
709 4081 825 4143 koeping:
844 4084 859 4108 ‘⁶
868 4080 910 4129 sed
942 4088 1034 4138 actum
1051 4080 1099 4127 and
1110 4081 1147 4128 his
1158 4096 1218 4143 pure
1228 4081 1269 4129 life
1280 4079 1447 4145 (ubstiuentia)
1460 4081 1530 4129 mado

322 4159 377 4193 cum
393 4144 480 4191 fiducia
496 4145 646 4191 contrahitur
661 4150 705 4192 aut
721 4161 776 4192 cnm
795 4144 912 4193 creditore
944 4146 994 4193 him
1011 4146 1142 4208 worthyof
1154 4148 1197 4194 the
1208 4151 1297 4194 ronow.
1332 4145 1496 4193 ‘Artificium'
1508 4146 1529 4194 is

322 4209 429 4271 pignoris
448 4208 511 4269 jure,
530 4214 572 4256 aut
589 4224 643 4255 cum
660 4210 737 4256 amico
755 4210 820 4271 quod
836 4211 912 4257 tutius
944 4211 999 4257 skill
1016 4212 1041 4257 in
1060 4226 1092 4257 un
1109 4216 1147 4259 art
1165 4210 1230 4273 (Vol.
1243 4210 1264 4257 1.
1283 4210 1351 4257 Verr.
1363 4210 1389 4258 ii.
1403 4214 1424 4257 t.
1442 4226 1462 4257 c.
1475 4211 1528 4273 21).

320 4272 540 4333 nostrmesapud
549 4288 605 4320 cum
615 4273 875 4335 mseut'’&c(Gaius
886 4275 911 4321 ii.
944 4275 1122 4323 ‘Abstinentia’
1154 4290 1230 4323 seems
1254 4280 1280 4322 to
1302 4274 1332 4322 be
1354 4275 1465 4336 properly
1486 4277 1529 4324 tbc

323 4337 376 4398 60.)
410 4336 494 4384 Cicero
514 4352 567 4399 says
594 4338 666 4399 (Top.
688 4337 747 4401 1⁰)r
771 4344 787 4366 ‘⁸
798 4340 823 4386 Si
845 4344 913 4386 tutor
944 4340 1046 4389 absence
1062 4340 1090 4387 of
1104 4340 1239 4403 greediness
1256 4340 1284 4386 of
1298 4340 1368 4400 μίας
1389 4339 1436 4386 and
1457 4346 1528 4387 ‘con-

323 4402 396 4449 fidem
406 4407 526 4463 praestare
537 4402 616 4460 debet,
628 4404 648 4450 si
659 4404 745 4461 maius,
761 4404 829 4451 sicui
841 4419 909 4451 man·
942 4404 1055 4453 tinenriu'
1067 4406 1087 4452 is
1103 4420 1148 4452 our
1164 4402 1328 4452 ‘mutinence’
1349 4403 1410 4466 (Cic.
1429 4404 1467 4451 De
1478 4404 1527 4451 Off.

323 4466 804 4529 daris,siquifidudamacceperit,'’&c.
821 4469 908 4530 Comp.
941 4470 967 4517 ii.
987 4460 1042 4533 22)ss
1073 4468 1126 4517 Tha
1144 4469 1227 4517 rcuder
1244 4484 1299 4530 may
1313 4469 1417 4516 armcisc
1434 4468 1532 4516 himself

324 4530 371 4578 Pro
388 4531 420 4583 Q·
442 4532 512 4580 Rose
529 4533 585 4580 Am.
603 4549 624 4580 c
641 4535 734 4589 38,39.
766 4534 846 4581 There
861 4549 910 4581 was
941 4532 1511 4596 intranslnting⁸itadignissimur...ut.’&c.

322 4596 796 4661 an‘uctiofiduciue'(CicDeOlf.iii.
811 4600 848 4657 lo,
862 4598 909 4657 ¹73
