3517 5325
643 479 869 548 COMOEDO
893 481 995 548 OAP.
1019 487 1071 550 18.
1376 490 1439 554 135

230 659 366 741 partem,
381 653 429 718 sio
443 652 536 715 heres
555 649 589 715 in
612 650 791 718 hereditate
812 653 911 718 babet
933 661 1066 740 partem.
1111 653 1162 720 Ut
1178 655 1270 721 heres
1284 655 1345 720 sibi
1368 656 1437 737 soli,

229 774 293 815 non
308 749 517 815 coheredibus
531 749 624 834 petit,
640 749 686 813 sio
698 750 803 814 socius
818 750 878 815 sibi
891 751 1023 814 selinon
1039 751 1133 816 sociis
1154 753 1256 837 petit:
1281 759 1314 816 et
1330 776 1438 840 quem·

229 849 401 912 admodum
423 853 557 931 uterque
582 867 640 932 pro
664 867 723 910 sua
744 854 837 932 parte
851 847 943 932 petit,
960 847 1006 912 sio
1022 869 1080 934 pro
1095 869 1153 912 sua
1167 856 1259 934 parte
1274 849 1435 926 dissolvit;

228 945 322 1010 heres
337 967 378 1009 ex
393 965 451 1008 sua
464 951 556 1028 parte
571 965 635 1028 qua
649 943 861 1008 hereditatem
875 943 975 1019 adiit3
994 944 1099 1009 socius
1114 966 1155 1008 ex
1171 967 1209 1008 ea
1225 967 1287 1030 qus
1302 947 1438 1012 sooiets·

229 1051 296 1107 tem
308 1043 397 1106 coiit.
443 1039 715 1121 Quemadmodum
730 1061 821 1104 suam
843 1047 967 1126 partem
990 1039 1127 1105 Roscius
1148 1063 1206 1106 suo
1222 1042 1347 1107 nomine
1363 1065 1437 1107 oon-

230 1141 349 1204 donare
372 1139 480 1226 potuit
506 1138 618 1202 Flavio
643 1145 681 1202 ut
707 1160 779 1202 eam
803 1145 841 1203 tu
864 1160 927 1202 non
953 1147 1101 1225 peteres;
1126 1139 1183 1216 sio,
1208 1161 1305 1226 quum
1328 1140 1437 1226 exegit

230 1259 322 1302 suam
336 1246 461 1324 partem
475 1243 510 1301 et
531 1235 591 1301 tibi
606 1235 764 1322 integram
779 1235 966 1321 petitionem
975 1237 1111 1322 reliquit,
1123 1243 1230 1302 tecum
1245 1236 1357 1322 partiri
1373 1259 1436 1300 non

231 1335 349 1411 debet;
373 1335 434 1398 nisi
448 1335 531 1398 forte
545 1341 583 1398 tu
597 1355 746 1418 perverso
754 1355 841 1397 more
850 1333 936 1419 quod
947 1334 1043 1419 hujus
1054 1341 1105 1400 est
1120 1336 1162 1398 ab
1171 1334 1232 1398 ulio
1242 1342 1437 1420 extorquere

230 1455 295 1496 nou
322 1440 424 1518 potes,
448 1431 523 1495 huie
547 1430 669 1517 eripere
694 1437 797 1516 potes.
851 1430 985 1495 Perstat
1008 1431 1040 1494 iu
1069 1432 1230 1496 sententia
1261 1431 1433 1496 Saturius:

231 1529 450 1616 quodcumque
473 1529 534 1593 sibi
558 1535 650 1613 petat
670 1529 785 1605 socius,
805 1528 839 1592 id
857 1527 1022 1594 societatis
1037 1529 1114 1596 lieri.
1162 1529 1256 1610 Quod
1271 1530 1298 1594 si
1313 1529 1359 1595 ita
1374 1537 1435 1608 est,

231 1650 303 1714 qua,
320 1627 444 1706 malum,
461 1627 600 1693 stultitia
614 1627 676 1692 suit
690 1626 826 1691 Roscius
841 1626 896 1713 qui
919 1650 960 1691 ex
977 1626 1234 1713 jurisperitorum
1257 1626 1387 1691 oonsilio
1403 1633 1438 1692 et

230 1724 424 1790 auctoritate
438 1724 683 1810 restipularetur
695 1745 717 1788 a
732 1723 857 1788 Fannio
872 1723 1041 1810 diligenter
1062 1731 1108 1802 ut,
1133 1725 1218 1810 quod
1233 1725 1261 1789 is
1275 1723 1437 1810 exegisset

230 1844 251 1886 a
267 1821 387 1901 Flavio,
404 1822 564 1886 dimidiam
578 1828 703 1906 partem
717 1821 778 1885 sibi
793 1821 1000 1894 dissolveret;
1025 1821 1180 1907 siquidem
1201 1821 1271 1888 sine
1287 1822 1437 1888 cautione

231 1928 265 2080 {t
272 1919 519 2082 ffiomimione
533 1918 734 1983 nihilominus
758 1919 792 1984 id
819 1919 963 1985 Fannius
986 1919 1144 2000 societati,
1167 1919 1228 1984 hoo
1242 1927 1293 1986 est
1308 1919 1437 2000 Roscio,

254 2039 272 2082 e
354 2020 391 2084 tt

617 2112 843 2179 Desideruutur
855 2133 916 2178 ιιι
927 2134 1042 2200 pauco.

230 2321 257 2370 ιιι
267 2337 299 2370 an
309 2321 438 2371 undirided
448 2321 527 2384 thing,
535 2322 584 2372 aad
594 2323 619 2370 in
627 2323 691 2372 their
697 2322 817 2372 lisbilitiea
849 2322 930 2370 euuds
947 2321 1079 2370 hereditate
1090 2321 1128 2370 vel
1141 2336 1190 2368 non
1201 2319 1325 2369 adeunda'
1343 2320 1436 2382 (Gaius.

230 2387 257 2434 in
267 2387 399 2449 respectos
413 2387 477 2435 their
493 2387 583 2436 ahares.
617 2387 667 2436 But
682 2388 724 2436 the
740 2388 818 2448 origin
849 2387 874 2434 ii.
899 2386 966 2472 los).
1009 2385 1063 2434 'l'he
1084 2385 1187 2434 formula
1208 2385 1236 2432 ol
1262 2384 1361 2432 ‘aditio'
1388 2385 1437 2433 and

230 2452 288 2500 oia
304 2451 432 2500 ‘maistas'
452 2452 667 2500 isdill'erentfrom
681 2453 725 2500 the
740 2453 817 2513 origin
853 2452 938 2498 ‘motio
971 2451 998 2498 in
1019 2465 1034 2497 a
1053 2450 1181 2510 particular
1203 2464 1256 2496 uase
1276 2451 1298 2496 ιι
1317 2450 1387 2512 given
1405 2449 1437 2511 by

231 2516 259 2564 ol
276 2532 308 2564 an
331 2516 482 2565 ‘mmmm’
525 2518 579 2566 The
595 2517 659 2566 rulea
681 2533 707 2564 ιι
726 2521 753 2564 to
774 2517 817 2565 tha
850 2515 925 2564 Gaius
947 2513 982 2576 (ii.
1008 2518 1020 2574 ἦ
1045 2513 1118 2577 lbd)=
1157 2513 1254 2566 “Quod
1276 2528 1315 2560 mo
1337 2513 1437 2562 Publius

231 2581 300 2630 claim
312 2581 339 2629 οι
355 2581 405 2629 him
416 2581 471 2628 who
481 2582 502 2628 is
512 2581 612 2629 entitled
623 2586 649 2628 to
660 2597 675 2628 a
685 2585 739 2642 part
749 2580 777 2628 ol
785 2595 816 2627 sn
847 2577 927 2627 'fitius
934 2581 1078 2626 tesamento
1090 2593 1133 2625 suo
1145 2577 1255 2625 herodem
1267 2577 1372 2626 instituit
1382 2591 1435 2626 eam

231 2645 380 2695 ‘hereditas'
396 2662 437 2694 are
450 2646 575 2694 ooutained
589 2646 614 2693 ia
629 2645 672 2693 the
683 2645 768 2707 Digest
780 2642 815 2709 (b.
848 2643 1007 2691 hereditatem
1018 2641 1078 2691 sdeo
1089 2641 1232 2705 oernoqre.”

230 2712 269 2759 tit.
283 2714 308 2769 t,
326 2712 368 2759 ‘Si
379 2726 434 2772 para
451 2710 592 2759 hereditatis
607 2709 731 2772 petatur').
764 2710 817 2757 The
882 2708 908 2755 lt
918 2722 1019 2770 sppsars
1030 2707 1091 2755 uon
1103 2707 1170 2755 what
1185 2706 1268 2755 Cicero
1279 2722 1341 2769 aeys,
1352 2706 1406 2755 that
1416 2708 1437 2755 it

229 2776 351 2836 following
362 2789 461 2837 passage
472 2773 540 2837 (big.
553 2777 576 2821 b.
589 2778 612 2823 4.
625 2773 651 2837 2)
663 2774 711 2821 will
722 2772 779 2835 help
790 2779 817 2821 to
848 2786 897 2819 aras
914 2778 958 2819 not
974 2771 1091 2819 admitted
1105 2786 1137 2819 on
1152 2772 1195 2819 the
1211 2772 1280 2819 other
1295 2772 1346 2819 side
1356 2772 1410 2820 that
1420 2788 1436 2820 s

228 2838 692 2965 adimpletum„
706 2837 817 2959 ιιιῗ
848 2836 1189 2949 ιΜῊιιιι
1206 2836 1346 2948 Ἣ
1363 2837 1436 2949 th*

290 2919 314 2951 m
848 2916 1053 2949 immune
1122 2916 1228 2949 sesu
1278 2916 1306 2949 or
1344 2916 1358 2948 e

229 2968 328 3033 qnidam
346 2966 425 3015 adhuc
441 2966 581 3023 deliberent,
603 2968 693 3029 placuit
711 2982 753 3015 eos
774 2968 815 3029 qui
847 2966 953 3028 nersbip.
988 2966 1017 3013 ln
1026 2966 1068 3013 the
1078 2965 1138 3013 later
1153 2966 1196 3013 law
1209 2965 1317 3013 however
1327 2966 1347 3013 it
1357 2916 1435 3015 aliems

229 3033 341 3090 adierint,
360 3032 380 3079 ei
401 3037 486 3094 petant
504 3030 670 3089 hereditatem,
691 3046 741 3079 nou
762 3046 814 3079 ma·
846 3030 901 3078 that
917 3034 1026 3094 panners
1038 3030 1226 3078 suedandwere
1242 3030 1300 3077 aued
1317 3030 1355 3077 for
1372 3030 1435 3079 their

228 3098 306 3159 iorem
317 3100 410 3160 partem
421 3102 503 3159 petere
514 3096 609 3155 debera,
626 3112 698 3159 quam
709 3096 814 3143 habituri
846 3096 937 3143 several
955 3096 1036 3144 ahares
1056 3094 1123 3159 (Dig.
1144 3098 1182 3145 lt.
1204 3096 1226 3143 1.
1245 3098 1276 3153 ιι
1293 3098 1332 3144 21.
1356 3096 1377 3145 l.
1393 3098 1433 3154 Η,

230 3170 311 3211 essent
321 3162 405 3211 ιιιιιιι
416 3161 568 3219 adeuntibus,
578 3176 623 3209 neo
633 3162 667 3209 eis
678 3161 783 3223 proderit
794 3161 814 3209 si
851 3164 863 3219 ς
878 3158 911 3223 1).

231 3228 303 3275 oeteri
314 3242 363 3275 uon
374 3226 483 3274 adierint.
516 3223 815 3274 Nonadeuntibuasutem
882 3240 937 3287 qus,
959 3224 1059 3283 mulum,
1090 3224 1147 3287 ἀι]
1190 3224 1243 3272 The
1270 3224 1344 3273 MSS.
1373 3224 1434 3273 have

231 3293 324 3350 esteris,
340 3296 454 3354 poterunt
467 3296 527 3339 tunc
542 3297 622 3354 partes
632 3306 715 3339 eorum
726 3297 815 3353 potere,
848 3294 925 3353 ‘quse
941 3290 1031 3337 malum
1048 3289 1150 3337 stultitia
1168 3292 1222 3337 est?
1256 3289 1375 3347 aarum:
1388 3293 1432 3338 &u

230 3357 334 3405 simodo
344 3357 375 3404 sd
391 3370 433 3404 eos
449 3356 622 3418 puunem’*
655 3356 708 3404 Tha
726 3356 815 3404 ‘aditio
847 3354 974 3403 Manutius
991 3354 1098 3415 changed
1121 3354 1209 3417 ‘quse'
1232 3359 1259 3402 to
1281 3354 1360 3419 ‘qum’
1383 3354 1432 3402 and

230 3419 379 3469 hereditatis'
395 3421 469 3469 isthe
479 3421 563 3469 ιοιιιιιι
574 3422 645 3469 modo
656 3420 685 3469 of
700 3425 812 3468 eonsent-
845 3424 919 3467 wrote
935 3421 956 3467 it
972 3435 998 3467 as
1014 3419 1034 3469 it
1047 3420 1068 3467 is
1079 3418 1104 3466 iu
1115 3419 1156 3467 the
1172 3422 1232 3467 text.
1266 3419 1375 3468 ‘Melum
1385 3417 1392 3440 ’
1410 3420 1431 3467 is

230 3486 273 3547 ing
282 3490 308 3533 to
316 3486 371 3533 take
380 3486 408 3543 it,
419 3501 447 3534 or
457 3486 516 3534 such
525 3490 579 3548 part
588 3486 616 3533 oi
624 3487 644 3534 it
654 3500 680 3533 ιι
690 3486 734 3533 tbe
744 3484 813 3533 berea
845 3498 861 3531 a
875 3484 937 3532 form
952 3484 980 3531 of
993 3484 1151 3532 exclamation
1166 3483 1243 3531 which
1258 3498 1342 3533 oocurs
1352 3484 1378 3532 in
1389 3482 1432 3533 the

229 3551 252 3599 ia
263 3550 361 3599 eutitled
372 3555 399 3599 to
409 3551 479 3600 take:
497 3555 513 3579 “
522 3552 640 3599 extraneis
650 3556 732 3599 sutem
743 3550 812 3598 bere·
845 3548 947 3599 familiar
956 3548 1065 3612 dialogum
1075 3548 1104 3599 os
1111 3548 1225 3598 Terence.

231 3614 302 3663 dibus
312 3616 457 3665 deliberandi
473 3620 580 3679 potestas
595 3616 652 3665 dats
667 3620 707 3664 est
723 3614 753 3663 de
770 3614 813 3663 ad·
