<?xml version="1.0" encoding="UTF-8"?>
<!DOCTYPE html PUBLIC "-//W3C//DTD XHTML 1.0 Transitional//EN"
    "http://www.w3.org/TR/xhtml1/DTD/xhtml1-transitional.dtd">
<html xmlns="http://www.w3.org/1999/xhtml" xml:lang="en" lang="en">
 <head>
  <title>
</title>
<meta http-equiv="Content-Type" content="text/html;charset=utf-8" />
  <meta name='ocr-system' content='tesseract 3.04.00' />
  <meta name='ocr-capabilities' content='ocr_page ocr_carea ocr_par ocr_line ocrx_word'/>
</head>
<body>
  <div class='ocr_page' id='page_1' title='image "./mtulliiciceroni02longgoog/mtulliiciceroni02longgoog_0382.png"; bbox 0 0 3517 5325; ppageno 0'>
   <div class='ocr_carea' id='block_1_1' title="bbox 619 511 1448 594">
    <p class='ocr_par' dir='ltr' id='par_1_1' title="bbox 619 511 1448 594">
     <span class='ocr_line' id='line_1_1' title="bbox 619 511 1448 594; baseline 0.007 -16"><span class='ocrx_word' id='word_1_1' title='bbox 619 513 800 580; x_wconf 87' lang='lat' dir='ltr'>HABlTO</span> <span class='ocrx_word' id='word_1_2' title='bbox 825 513 927 582; x_wconf 89' lang='lat' dir='ltr'>OAP.</span> <span class='ocrx_word' id='word_1_3' title='bbox 953 518 1003 594; x_wconf 88' lang='grc'>66,</span> <span class='ocrx_word' id='word_1_4' title='bbox 1028 517 1079 586; x_wconf 88' lang='grc'>67.</span> <span class='ocrx_word' id='word_1_5' title='bbox 1384 511 1448 584; x_wconf 83' lang='grc'>373</span> 
     </span>
    </p>
   </div>
   <div class='ocr_carea' id='block_1_2' title="bbox 232 683 1448 4193">
    <p class='ocr_par' dir='ltr' id='par_1_2' title="bbox 240 683 1448 1046">
     <span class='ocr_line' id='line_1_2' title="bbox 244 683 1448 770; baseline 0.007 -23"><span class='ocrx_word' id='word_1_6' title='bbox 244 683 442 750; x_wconf 80' lang='lat' dir='ltr'><strong>Larinatium</strong></span> <span class='ocrx_word' id='word_1_7' title='bbox 457 691 508 750; x_wconf 89' lang='lat' dir='ltr'>est</span> <span class='ocrx_word' id='word_1_8' title='bbox 523 684 576 770; x_wconf 93' lang='lat' dir='ltr'>qui</span> <span class='ocrx_word' id='word_1_9' title='bbox 600 686 732 750; x_wconf 88' lang='lat' dir='ltr'>nesciat.</span> <span class='ocrx_word' id='word_1_10' title='bbox 778 687 900 752; x_wconf 81' lang='lat' dir='ltr'><strong>Timuit</strong></span> <span class='ocrx_word' id='word_1_11' title='bbox 919 687 1031 752; x_wconf 86' lang='lat' dir='ltr'>mulier</span> <span class='ocrx_word' id='word_1_12' title='bbox 1050 707 1159 752; x_wconf 88' lang='lat' dir='ltr'>amens</span> <span class='ocrx_word' id='word_1_13' title='bbox 1179 710 1243 753; x_wconf 91' lang='lat' dir='ltr'>non</span> <span class='ocrx_word' id='word_1_14' title='bbox 1262 709 1353 752; x_wconf 84' lang='lat' dir='ltr'>suam</span> <span class='ocrx_word' id='word_1_15' title='bbox 1373 711 1448 755; x_wconf 90' lang='lat' dir='ltr'>con·</span> 
     </span>
     <span class='ocr_line' id='line_1_3' title="bbox 242 783 1445 872; baseline 0.005 -26"><span class='ocrx_word' id='word_1_16' title='bbox 242 783 417 860; x_wconf 88' lang='lat' dir='ltr'>scientiam,</span> <span class='ocrx_word' id='word_1_17' title='bbox 434 805 498 848; x_wconf 91' lang='lat' dir='ltr'>nou</span> <span class='ocrx_word' id='word_1_18' title='bbox 513 785 621 848; x_wconf 92' lang='lat' dir='ltr'>odium</span> <span class='ocrx_word' id='word_1_19' title='bbox 640 783 844 870; x_wconf 83' lang='lat' dir='ltr'>municipum,</span> <span class='ocrx_word' id='word_1_20' title='bbox 869 807 932 850; x_wconf 91' lang='lat' dir='ltr'>uon</span> <span class='ocrx_word' id='word_1_21' title='bbox 954 787 1071 850; x_wconf 78' lang='lat' dir='ltr'>lamam</span> <span class='ocrx_word' id='word_1_22' title='bbox 1092 786 1251 859; x_wconf 72' lang='lat' dir='ltr'>omnium</span> <span class='ocrx_word' id='word_1_23' title='bbox 1276 787 1332 850; x_wconf 85' lang='lat' dir='ltr'>sed</span> <span class='ocrx_word' id='word_1_24' title='bbox 1354 788 1445 872; x_wconf 88' lang='lat' dir='ltr'>quasi</span> 
     </span>
     <span class='ocr_line' id='line_1_4' title="bbox 241 881 1446 966; baseline 0.004 -23"><span class='ocrx_word' id='word_1_25' title='bbox 241 901 305 944; x_wconf 93' lang='lat' dir='ltr'>non</span> <span class='ocrx_word' id='word_1_26' title='bbox 320 902 429 944; x_wconf 90' lang='lat' dir='ltr'>omnes</span> <span class='ocrx_word' id='word_1_27' title='bbox 438 881 513 966; x_wconf 82' lang='lat' dir='ltr'>&#39;ejus</span> <span class='ocrx_word' id='word_1_28' title='bbox 528 882 656 946; x_wconf 88' lang='lat' dir='ltr'>sceleris</span> <span class='ocrx_word' id='word_1_29' title='bbox 670 889 771 947; x_wconf 88' lang='lat' dir='ltr'>testes</span> <span class='ocrx_word' id='word_1_30' title='bbox 791 891 900 948; x_wconf 89' lang='lat' dir='ltr'>essent</span> <span class='ocrx_word' id='word_1_31' title='bbox 920 884 1030 962; x_wconf 81' lang='lat' dir='ltr'>futuri,</span> <span class='ocrx_word' id='word_1_32' title='bbox 1051 883 1097 948; x_wconf 87' lang='lat' dir='ltr'>sic</span> <span class='ocrx_word' id='word_1_33' title='bbox 1111 884 1227 948; x_wconf 90' lang='lat' dir='ltr'>metuit</span> <span class='ocrx_word' id='word_1_34' title='bbox 1242 905 1282 947; x_wconf 91' lang='lat' dir='ltr'>ne</span> <span class='ocrx_word' id='word_1_35' title='bbox 1297 886 1446 948; x_wconf 90' lang='lat' dir='ltr'>condem·</span> 
     </span>
     <span class='ocr_line' id='line_1_5' title="bbox 240 980 911 1046; baseline 0.006 -5"><span class='ocrx_word' id='word_1_36' title='bbox 240 985 372 1043; x_wconf 88' lang='lat' dir='ltr'>naretur</span> <span class='ocrx_word' id='word_1_37' title='bbox 386 987 531 1043; x_wconf 81' lang='lat' dir='ltr'>extrema</span> <span class='ocrx_word' id='word_1_38' title='bbox 545 980 627 1043; x_wconf 89' lang='lat' dir='ltr'>servi</span> <span class='ocrx_word' id='word_1_39' title='bbox 643 1001 720 1044; x_wconf 84' lang='lat' dir='ltr'>voce</span> <span class='ocrx_word' id='word_1_40' title='bbox 736 981 911 1046; x_wconf 89' lang='lat' dir='ltr'>morientis.</span> 
     </span>
    </p>

    <p class='ocr_par' dir='ltr' id='par_1_3' title="bbox 232 1077 1445 4193">
     <span class='ocr_line' id='line_1_6' title="bbox 285 1077 1443 1165; baseline 0.003 -26"><span class='ocrx_word' id='word_1_41' title='bbox 285 1077 377 1158; x_wconf 79' lang='lat' dir='ltr'>Quod</span> <span class='ocrx_word' id='word_1_42' title='bbox 392 1077 452 1140; x_wconf 92' lang='lat' dir='ltr'>hoc</span> <span class='ocrx_word' id='word_1_43' title='bbox 467 1085 660 1162; x_wconf 81' lang='lat' dir='ltr'>portentum,</span> <span class='ocrx_word' id='word_1_44' title='bbox 677 1079 719 1142; x_wconf 92' lang='lat' dir='ltr'>dii</span> <span class='ocrx_word' id='word_1_45' title='bbox 735 1079 938 1156; x_wconf 81' lang='lat' dir='ltr'>immortales,</span> <span class='ocrx_word' id='word_1_46' title='bbox 954 1080 1039 1165; x_wconf 91' lang='lat' dir='ltr'>quod</span> <span class='ocrx_word' id='word_1_47' title='bbox 1060 1085 1188 1144; x_wconf 90' lang='lat' dir='ltr'>tantum</span> <span class='ocrx_word' id='word_1_48' title='bbox 1210 1085 1389 1143; x_wconf 89' lang='lat' dir='ltr'>monstrum</span> <span class='ocrx_word' id='word_1_49' title='bbox 1411 1079 1443 1143; x_wconf 91' lang='lat' dir='ltr'>in</span> 
     </span>
     <span class='ocr_line' id='line_1_7' title="bbox 240 1174 1443 1260; baseline 0.004 -23"><span class='ocrx_word' id='word_1_50' title='bbox 240 1174 312 1238; x_wconf 88' lang='lat' dir='ltr'>ullis</span> <span class='ocrx_word' id='word_1_51' title='bbox 338 1175 424 1250; x_wconf 89' lang='lat' dir='ltr'>locis,</span> <span class='ocrx_word' id='word_1_52' title='bbox 446 1176 531 1260; x_wconf 91' lang='lat' dir='ltr'>quod</span> <span class='ocrx_word' id='word_1_53' title='bbox 555 1183 622 1240; x_wconf 88' lang='lat' dir='ltr'>tam</span> <span class='ocrx_word' id='word_1_54' title='bbox 648 1175 798 1240; x_wconf 80' lang='lat' dir='ltr'>infestum</span> <span class='ocrx_word' id='word_1_55' title='bbox 813 1177 916 1241; x_wconf 90' lang='lat' dir='ltr'>scelus</span> <span class='ocrx_word' id='word_1_56' title='bbox 939 1186 974 1242; x_wconf 89' lang='lat' dir='ltr'>et</span> <span class='ocrx_word' id='word_1_57' title='bbox 996 1177 1141 1254; x_wconf 90' lang='lat' dir='ltr'>immane,</span> <span class='ocrx_word' id='word_1_58' title='bbox 1157 1185 1215 1242; x_wconf 92' lang='lat' dir='ltr'>aut</span> <span class='ocrx_word' id='word_1_59' title='bbox 1234 1177 1318 1240; x_wconf 91' lang='lat' dir='ltr'>unde</span> <span class='ocrx_word' id='word_1_60' title='bbox 1332 1185 1443 1242; x_wconf 88' lang='lat' dir='ltr'>natum</span> 
     </span>
     <span class='ocr_line' id='line_1_8' title="bbox 239 1273 1445 1360; baseline 0 -22"><span class='ocrx_word' id='word_1_61' title='bbox 239 1295 309 1338; x_wconf 91' lang='lat' dir='ltr'>esse</span> <span class='ocrx_word' id='word_1_62' title='bbox 319 1273 482 1338; x_wconf 73' lang='lat' dir='ltr'>dicamus!</span> <span class='ocrx_word' id='word_1_63' title='bbox 526 1273 550 1336; x_wconf 86' lang='lat' dir='ltr'><strong>J</strong></span> <span class='ocrx_word' id='word_1_64' title='bbox 552 1295 604 1336; x_wconf 91' lang='lat' dir='ltr'>am</span> <span class='ocrx_word' id='word_1_65' title='bbox 619 1273 701 1336; x_wconf 90' lang='lat' dir='ltr'>enim</span> <span class='ocrx_word' id='word_1_66' title='bbox 717 1273 829 1338; x_wconf 83' lang='lat' dir='ltr'>videtis</span> <span class='ocrx_word' id='word_1_67' title='bbox 845 1274 999 1360; x_wconf 83' lang='lat' dir='ltr'>proiecto,</span> <span class='ocrx_word' id='word_1_68' title='bbox 1016 1275 1151 1360; x_wconf 87' lang='lat' dir='ltr'>judices,</span> <span class='ocrx_word' id='word_1_69' title='bbox 1168 1297 1232 1338; x_wconf 92' lang='lat' dir='ltr'>non</span> <span class='ocrx_word' id='word_1_70' title='bbox 1254 1274 1322 1338; x_wconf 91' lang='lat' dir='ltr'>sine</span> <span class='ocrx_word' id='word_1_71' title='bbox 1336 1295 1445 1338; x_wconf 88' lang='lat' dir='ltr'>neces·</span> 
     </span>
     <span class='ocr_line' id='line_1_9' title="bbox 239 1369 1443 1457; baseline 0.002 -23"><span class='ocrx_word' id='word_1_72' title='bbox 239 1369 332 1434; x_wconf 86' lang='lat' dir='ltr'>scriis</span> <span class='ocrx_word' id='word_1_73' title='bbox 357 1393 407 1434; x_wconf 90' lang='lat' dir='ltr'>me</span> <span class='ocrx_word' id='word_1_74' title='bbox 433 1393 470 1434; x_wconf 84' lang='lat' dir='ltr'>ac</span> <span class='ocrx_word' id='word_1_75' title='bbox 494 1371 639 1434; x_wconf 87' lang='lat' dir='ltr'>maximis</span> <span class='ocrx_word' id='word_1_76' title='bbox 663 1371 785 1436; x_wconf 79' lang='lat' dir='ltr'>caussis</span> <span class='ocrx_word' id='word_1_77' title='bbox 808 1372 962 1457; x_wconf 90' lang='lat' dir='ltr'>principio</span> <span class='ocrx_word' id='word_1_78' title='bbox 988 1373 1141 1438; x_wconf 91' lang='lat' dir='ltr'>orationis</span> <span class='ocrx_word' id='word_1_79' title='bbox 1163 1373 1315 1437; x_wconf 78' lang='lat' dir='ltr'>uieaede</span> <span class='ocrx_word' id='word_1_80' title='bbox 1340 1380 1443 1437; x_wconf 88' lang='lat' dir='ltr'>matre</span> 
     </span>
     <span class='ocr_line' id='line_1_10' title="bbox 239 1469 1442 1557; baseline 0.003 -25"><span class='ocrx_word' id='word_1_81' title='bbox 239 1469 368 1534; x_wconf 83' lang='lat' dir='ltr'>dixisse.</span> <span class='ocrx_word' id='word_1_82' title='bbox 414 1469 499 1533; x_wconf 93' lang='lat' dir='ltr'>Nihil</span> <span class='ocrx_word' id='word_1_83' title='bbox 514 1477 564 1535; x_wconf 90' lang='lat' dir='ltr'>est</span> <span class='ocrx_word' id='word_1_84' title='bbox 579 1469 662 1533; x_wconf 90' lang='lat' dir='ltr'>enim</span> <span class='ocrx_word' id='word_1_85' title='bbox 678 1469 761 1547; x_wconf 87' lang='lat' dir='ltr'>mali,</span> <span class='ocrx_word' id='word_1_86' title='bbox 778 1470 854 1533; x_wconf 92' lang='lat' dir='ltr'>nihil</span> <span class='ocrx_word' id='word_1_87' title='bbox 878 1471 1014 1547; x_wconf 89' lang='lat' dir='ltr'>sceleris,</span> <span class='ocrx_word' id='word_1_88' title='bbox 1032 1471 1116 1557; x_wconf 89' lang='lat' dir='ltr'>quod</span> <span class='ocrx_word' id='word_1_89' title='bbox 1139 1471 1192 1534; x_wconf 80' lang='lat' dir='ltr'>illa</span> <span class='ocrx_word' id='word_1_90' title='bbox 1206 1493 1270 1534; x_wconf 89' lang='lat' dir='ltr'>uon</span> <span class='ocrx_word' id='word_1_91' title='bbox 1295 1471 1336 1534; x_wconf 86' lang='lat' dir='ltr'>ab</span> <span class='ocrx_word' id='word_1_92' title='bbox 1350 1471 1442 1536; x_wconf 92' lang='lat' dir='ltr'>initio</span> 
     </span>
     <span class='ocr_line' id='line_1_11' title="bbox 239 1568 1442 1654; baseline 0.003 -24"><span class='ocrx_word' id='word_1_93' title='bbox 239 1568 304 1631; x_wconf 88' lang='lat' dir='ltr'>lilio</span> <span class='ocrx_word' id='word_1_94' title='bbox 319 1569 460 1646; x_wconf 88' lang='lat' dir='ltr'>voluerit,</span> <span class='ocrx_word' id='word_1_95' title='bbox 486 1568 653 1654; x_wconf 86' lang='lat' dir='ltr'>optaverit,</span> <span class='ocrx_word' id='word_1_96' title='bbox 671 1568 867 1653; x_wconf 84' lang='lat' dir='ltr'>cogitaverit,</span> <span class='ocrx_word' id='word_1_97' title='bbox 885 1569 1033 1633; x_wconf 83' lang='lat' dir='ltr'>effecerit.</span> <span class='ocrx_word' id='word_1_98' title='bbox 1081 1569 1182 1633; x_wconf 87' lang='lat' dir='ltr'>Mitto</span> <span class='ocrx_word' id='word_1_99' title='bbox 1208 1569 1293 1632; x_wconf 88' lang='lat' dir='ltr'>illam</span> <span class='ocrx_word' id='word_1_100' title='bbox 1307 1569 1442 1654; x_wconf 90' lang='lat' dir='ltr'>primam</span> 
     </span>
     <span class='ocr_line' id='line_1_12' title="bbox 238 1653 1442 1753; baseline 0.003 -25"><span class='ocrx_word' id='word_1_101' title='bbox 238 1664 377 1728; x_wconf 90' lang='lat' dir='ltr'>libidinis</span> <span class='ocrx_word' id='word_1_102' title='bbox 402 1665 556 1750; x_wconf 87' lang='lat' dir='ltr'>injuriam,</span> <span class='ocrx_word' id='word_1_103' title='bbox 581 1665 675 1730; x_wconf 91' lang='lat' dir='ltr'>mitto</span> <span class='ocrx_word' id='word_1_104' title='bbox 699 1667 834 1730; x_wconf 79' lang='lat' dir='ltr'>nefarias</span> <span class='ocrx_word' id='word_1_105' title='bbox 856 1667 965 1753; x_wconf 84' lang='lat' dir='ltr'>generi</span> <span class='ocrx_word' id='word_1_106' title='bbox 987 1667 1123 1752; x_wconf 79' lang='lat' dir='ltr'>nuptias,</span> <span class='ocrx_word' id='word_1_107' title='bbox 1147 1653 1243 1731; x_wconf 87' lang='lat' dir='ltr'>mitto</span> <span class='ocrx_word' id='word_1_108' title='bbox 1265 1667 1442 1752; x_wconf 81' lang='lat' dir='ltr'>cupiditate</span> 
     </span>
     <span class='ocr_line' id='line_1_13' title="bbox 237 1763 1441 1850; baseline 0.002 -23"><span class='ocrx_word' id='word_1_109' title='bbox 237 1765 350 1828; x_wconf 86' lang='lat' dir='ltr'>matris</span> <span class='ocrx_word' id='word_1_110' title='bbox 365 1765 530 1850; x_wconf 79' lang='lat' dir='ltr'>expulsum</span> <span class='ocrx_word' id='word_1_111' title='bbox 551 1787 590 1828; x_wconf 87' lang='lat' dir='ltr'>ex</span> <span class='ocrx_word' id='word_1_112' title='bbox 606 1763 807 1828; x_wconf 88' lang='lat' dir='ltr'>matrimonio</span> <span class='ocrx_word' id='word_1_113' title='bbox 830 1765 948 1838; x_wconf 76' lang='lat' dir='ltr'>filiam3</span> <span class='ocrx_word' id='word_1_114' title='bbox 972 1787 1054 1850; x_wconf 86' lang='lat' dir='ltr'>quae</span> <span class='ocrx_word' id='word_1_115' title='bbox 1079 1765 1220 1828; x_wconf 91' lang='lat' dir='ltr'>noudum</span> <span class='ocrx_word' id='word_1_116' title='bbox 1245 1766 1286 1829; x_wconf 89' lang='lat' dir='ltr'>ad</span> <span class='ocrx_word' id='word_1_117' title='bbox 1309 1765 1441 1849; x_wconf 88' lang='lat' dir='ltr'>hujusce</span> 
     </span>
     <span class='ocr_line' id='line_1_14' title="bbox 238 1861 1440 1957; baseline 0.003 -34"><span class='ocrx_word' id='word_1_118' title='bbox 238 1861 322 1926; x_wconf 76' lang='lat' dir='ltr'>vitae</span> <span class='ocrx_word' id='word_1_119' title='bbox 351 1861 532 1947; x_wconf 88' lang='lat' dir='ltr'>periculum,</span> <span class='ocrx_word' id='word_1_120' title='bbox 560 1863 616 1957; x_wconf 78' lang='lat' dir='ltr'>sed</span> <span class='ocrx_word' id='word_1_121' title='bbox 642 1863 683 1925; x_wconf 87' lang='lat' dir='ltr'>ad</span> <span class='ocrx_word' id='word_1_122' title='bbox 710 1883 875 1928; x_wconf 89' lang='lat' dir='ltr'>commune</span> <span class='ocrx_word' id='word_1_123' title='bbox 900 1863 1037 1927; x_wconf 81' lang='lat' dir='ltr'>familiae</span> <span class='ocrx_word' id='word_1_124' title='bbox 1061 1863 1198 1926; x_wconf 81' lang='lat' dir='ltr'>dedecus</span> <span class='ocrx_word' id='word_1_125' title='bbox 1226 1862 1440 1947; x_wconf 84' lang='lat' dir='ltr'>pertinebant.</span> 
     </span>
     <span class='ocr_line' id='line_1_15' title="bbox 239 1958 1441 2047; baseline 0.002 -26"><span class='ocrx_word' id='word_1_126' title='bbox 239 1958 325 2022; x_wconf 91' lang='lat' dir='ltr'>Nihil</span> <span class='ocrx_word' id='word_1_127' title='bbox 341 1959 381 2023; x_wconf 91' lang='lat' dir='ltr'>de</span> <span class='ocrx_word' id='word_1_128' title='bbox 395 1959 504 2024; x_wconf 83' lang='lat' dir='ltr'>alteris</span> <span class='ocrx_word' id='word_1_129' title='bbox 520 1960 687 2046; x_wconf 84' lang='lat' dir='ltr'>Oppianici</span> <span class='ocrx_word' id='word_1_130' title='bbox 703 1960 822 2046; x_wconf 88' lang='lat' dir='ltr'>nuptiis</span> <span class='ocrx_word' id='word_1_131' title='bbox 837 1983 971 2047; x_wconf 88' lang='lat' dir='ltr'>queror;</span> <span class='ocrx_word' id='word_1_132' title='bbox 997 1983 1130 2046; x_wconf 87' lang='lat' dir='ltr'>quarum</span> <span class='ocrx_word' id='word_1_133' title='bbox 1144 1960 1198 2023; x_wconf 92' lang='lat' dir='ltr'>illa</span> <span class='ocrx_word' id='word_1_134' title='bbox 1206 1982 1303 2045; x_wconf 90' lang='lat' dir='ltr'>quum</span> <span class='ocrx_word' id='word_1_135' title='bbox 1314 1960 1441 2024; x_wconf 88' lang='lat' dir='ltr'>obsides</span> 
     </span>
     <span class='ocr_line' id='line_1_16' title="bbox 237 2056 1439 2145; baseline 0.002 -26"><span class='ocrx_word' id='word_1_136' title='bbox 237 2056 319 2120; x_wconf 89' lang='lat' dir='ltr'>filios</span> <span class='ocrx_word' id='word_1_137' title='bbox 327 2058 367 2120; x_wconf 87' lang='lat' dir='ltr'>ab</span> <span class='ocrx_word' id='word_1_138' title='bbox 379 2080 417 2122; x_wconf 90' lang='lat' dir='ltr'>eo</span> <span class='ocrx_word' id='word_1_139' title='bbox 429 2065 572 2123; x_wconf 89' lang='lat' dir='ltr'>mortuos</span> <span class='ocrx_word' id='word_1_140' title='bbox 583 2059 768 2144; x_wconf 74' lang='lat' dir='ltr'>accepisset,</span> <span class='ocrx_word' id='word_1_141' title='bbox 780 2065 850 2122; x_wconf 91' lang='lat' dir='ltr'>tum</span> <span class='ocrx_word' id='word_1_142' title='bbox 862 2059 997 2145; x_wconf 91' lang='lat' dir='ltr'>denique</span> <span class='ocrx_word' id='word_1_143' title='bbox 1012 2060 1044 2122; x_wconf 93' lang='lat' dir='ltr'>iu</span> <span class='ocrx_word' id='word_1_144' title='bbox 1059 2057 1196 2121; x_wconf 79' lang='lat' dir='ltr'>familiae</span> <span class='ocrx_word' id='word_1_145' title='bbox 1210 2057 1330 2121; x_wconf 89' lang='lat' dir='ltr'>luctum</span> <span class='ocrx_word' id='word_1_146' title='bbox 1339 2067 1439 2143; x_wconf 88' lang='lat' dir='ltr'>atque</span> 
     </span>
     <span class='ocr_line' id='line_1_17' title="bbox 237 2153 1437 2242; baseline 0 -24"><span class='ocrx_word' id='word_1_147' title='bbox 237 2153 270 2218; x_wconf 90' lang='lat' dir='ltr'>in</span> <span class='ocrx_word' id='word_1_148' title='bbox 285 2155 498 2241; x_wconf 83' lang='lat' dir='ltr'>privignorum</span> <span class='ocrx_word' id='word_1_149' title='bbox 513 2157 606 2220; x_wconf 88' lang='lat' dir='ltr'>funus</span> <span class='ocrx_word' id='word_1_150' title='bbox 621 2157 738 2242; x_wconf 83' lang='lat' dir='ltr'>nupsit.</span> <span class='ocrx_word' id='word_1_151' title='bbox 778 2155 952 2221; x_wconf 85' lang='lat' dir='ltr'>Praetereo</span> <span class='ocrx_word' id='word_1_152' title='bbox 965 2156 1051 2241; x_wconf 93' lang='lat' dir='ltr'>quod</span> <span class='ocrx_word' id='word_1_153' title='bbox 1067 2156 1109 2219; x_wconf 88' lang='lat' dir='ltr'>A.</span> <span class='ocrx_word' id='word_1_154' title='bbox 1123 2155 1258 2218; x_wconf 86' lang='lat' dir='ltr'>Aurium</span> <span class='ocrx_word' id='word_1_155' title='bbox 1272 2155 1437 2230; x_wconf 86' lang='lat' dir='ltr'>Melinum,</span> 
     </span>
     <span class='ocr_line' id='line_1_18' title="bbox 237 2250 1440 2340; baseline -0.002 -24"><span class='ocrx_word' id='word_1_156' title='bbox 237 2254 328 2338; x_wconf 89' lang='lat' dir='ltr'>cujus</span> <span class='ocrx_word' id='word_1_157' title='bbox 343 2254 395 2317; x_wconf 88' lang='lat' dir='ltr'>illa</span> <span class='ocrx_word' id='word_1_158' title='bbox 410 2255 568 2340; x_wconf 90' lang='lat' dir='ltr'>quondam</span> <span class='ocrx_word' id='word_1_159' title='bbox 583 2275 701 2332; x_wconf 89' lang='lat' dir='ltr'>socrus,</span> <span class='ocrx_word' id='word_1_160' title='bbox 718 2253 822 2339; x_wconf 92' lang='lat' dir='ltr'>paullo</span> <span class='ocrx_word' id='word_1_161' title='bbox 836 2261 913 2318; x_wconf 83' lang='lat' dir='ltr'>aute</span> <span class='ocrx_word' id='word_1_162' title='bbox 928 2276 1008 2316; x_wconf 87' lang='lat' dir='ltr'>uxor</span> <span class='ocrx_word' id='word_1_163' title='bbox 1022 2253 1143 2330; x_wconf 73' lang='lat' dir='ltr'>suisset,</span> <span class='ocrx_word' id='word_1_164' title='bbox 1160 2273 1255 2337; x_wconf 88' lang='lat' dir='ltr'>quum</span> <span class='ocrx_word' id='word_1_165' title='bbox 1272 2250 1440 2336; x_wconf 88' lang='lat' dir='ltr'>Oppianici</span> 
     </span>
     <span class='ocr_line' id='line_1_19' title="bbox 238 2348 1438 2437; baseline -0.003 -23"><span class='ocrx_word' id='word_1_166' title='bbox 238 2373 307 2416; x_wconf 88' lang='lat' dir='ltr'>esse</span> <span class='ocrx_word' id='word_1_167' title='bbox 333 2373 429 2437; x_wconf 87' lang='lat' dir='ltr'>opera</span> <span class='ocrx_word' id='word_1_168' title='bbox 452 2352 663 2436; x_wconf 89' lang='lat' dir='ltr'>proscriptum</span> <span class='ocrx_word' id='word_1_169' title='bbox 687 2351 888 2435; x_wconf 87' lang='lat' dir='ltr'>occisumque</span> <span class='ocrx_word' id='word_1_170' title='bbox 917 2359 1095 2435; x_wconf 87' lang='lat' dir='ltr'>cognosset,</span> <span class='ocrx_word' id='word_1_171' title='bbox 1121 2371 1191 2413; x_wconf 88' lang='lat' dir='ltr'>eam</span> <span class='ocrx_word' id='word_1_172' title='bbox 1220 2348 1280 2412; x_wconf 90' lang='lat' dir='ltr'>sibi</span> <span class='ocrx_word' id='word_1_173' title='bbox 1310 2349 1438 2411; x_wconf 90' lang='lat' dir='ltr'>domum</span> 
     </span>
     <span class='ocr_line' id='line_1_20' title="bbox 237 2448 1439 2536; baseline 0.002 -26"><span class='ocrx_word' id='word_1_174' title='bbox 237 2449 404 2534; x_wconf 88' lang='lat' dir='ltr'>sedemque</span> <span class='ocrx_word' id='word_1_175' title='bbox 427 2450 596 2536; x_wconf 75' lang='lat' dir='ltr'>[conjugii]</span> <span class='ocrx_word' id='word_1_176' title='bbox 614 2449 741 2533; x_wconf 88' lang='lat' dir='ltr'>delegit,</span> <span class='ocrx_word' id='word_1_177' title='bbox 758 2449 790 2511; x_wconf 92' lang='lat' dir='ltr'>in</span> <span class='ocrx_word' id='word_1_178' title='bbox 806 2471 869 2532; x_wconf 90' lang='lat' dir='ltr'>qua</span> <span class='ocrx_word' id='word_1_179' title='bbox 891 2449 1034 2533; x_wconf 80' lang='lat' dir='ltr'>quotidie</span> <span class='ocrx_word' id='word_1_180' title='bbox 1052 2448 1222 2534; x_wconf 84' lang='lat' dir='ltr'>superioris</span> <span class='ocrx_word' id='word_1_181' title='bbox 1243 2448 1302 2511; x_wconf 86' lang='lat' dir='ltr'>viri</span> <span class='ocrx_word' id='word_1_182' title='bbox 1325 2449 1439 2512; x_wconf 87' lang='lat' dir='ltr'>mortis</span> 
     </span>
     <span class='ocr_line' id='line_1_21' title="bbox 236 2545 1438 2632; baseline 0.001 -23"><span class='ocrx_word' id='word_1_183' title='bbox 236 2545 352 2611; x_wconf 88' lang='lat' dir='ltr'>indicia</span> <span class='ocrx_word' id='word_1_184' title='bbox 366 2555 400 2611; x_wconf 84' lang='lat' dir='ltr'>et</span> <span class='ocrx_word' id='word_1_185' title='bbox 415 2547 514 2632; x_wconf 89' lang='lat' dir='ltr'>spolia</span> <span class='ocrx_word' id='word_1_186' title='bbox 528 2549 726 2610; x_wconf 82' lang='lat' dir='ltr'>fortunarum</span> <span class='ocrx_word' id='word_1_187' title='bbox 742 2545 873 2609; x_wconf 87' lang='lat' dir='ltr'>videret.</span> <span class='ocrx_word' id='word_1_188' title='bbox 921 2545 1003 2608; x_wconf 91' lang='lat' dir='ltr'>lllud</span> <span class='ocrx_word' id='word_1_189' title='bbox 1026 2546 1162 2630; x_wconf 91' lang='lat' dir='ltr'>primum</span> <span class='ocrx_word' id='word_1_190' title='bbox 1186 2566 1308 2630; x_wconf 87' lang='lat' dir='ltr'>queror,</span> <span class='ocrx_word' id='word_1_191' title='bbox 1326 2546 1364 2609; x_wconf 88' lang='lat' dir='ltr'>de</span> <span class='ocrx_word' id='word_1_192' title='bbox 1384 2545 1438 2610; x_wconf 93' lang='lat' dir='ltr'>illo</span> 
     </span>
     <span class='ocr_line' id='line_1_22' title="bbox 235 2637 1438 2726; baseline 0.001 -22"><span class='ocrx_word' id='word_1_193' title='bbox 235 2641 354 2705; x_wconf 88' lang='lat' dir='ltr'>scelere</span> <span class='ocrx_word' id='word_1_194' title='bbox 370 2641 453 2726; x_wconf 92' lang='lat' dir='ltr'>quod</span> <span class='ocrx_word' id='word_1_195' title='bbox 469 2664 551 2706; x_wconf 87' lang='lat' dir='ltr'>nuno</span> <span class='ocrx_word' id='word_1_196' title='bbox 574 2639 707 2725; x_wconf 91' lang='lat' dir='ltr'>denique</span> <span class='ocrx_word' id='word_1_197' title='bbox 728 2638 923 2725; x_wconf 82' lang='lat' dir='ltr'>patefactum</span> <span class='ocrx_word' id='word_1_198' title='bbox 935 2645 986 2703; x_wconf 87' lang='lat' dir='ltr'>est</span> <span class='ocrx_word' id='word_1_199' title='bbox 1003 2637 1184 2703; x_wconf 87' lang='lat' dir='ltr'>Fabriciani</span> <span class='ocrx_word' id='word_1_200' title='bbox 1204 2639 1313 2703; x_wconf 89' lang='lat' dir='ltr'>veneni</span> <span class='ocrx_word' id='word_1_201' title='bbox 1327 2667 1335 2713; x_wconf 89' lang='grc'>;</span> <span class='ocrx_word' id='word_1_202' title='bbox 1354 2640 1438 2726; x_wconf 93' lang='lat' dir='ltr'>quod</span> 
     </span>
     <span class='ocr_line' id='line_1_23' title="bbox 232 2735 1438 2824; baseline 0.002 -23"><span class='ocrx_word' id='word_1_203' title='bbox 232 2740 301 2824; x_wconf 92' lang='lat' dir='ltr'>jam</span> <span class='ocrx_word' id='word_1_204' title='bbox 326 2746 396 2801; x_wconf 90' lang='lat' dir='ltr'>tum</span> <span class='ocrx_word' id='word_1_205' title='bbox 421 2760 532 2802; x_wconf 91' lang='lat' dir='ltr'>recens</span> <span class='ocrx_word' id='word_1_206' title='bbox 555 2738 763 2824; x_wconf 88' lang='lat' dir='ltr'>suspiciosum</span> <span class='ocrx_word' id='word_1_207' title='bbox 788 2736 914 2811; x_wconf 90' lang='lat' dir='ltr'>ceteris,</span> <span class='ocrx_word' id='word_1_208' title='bbox 937 2736 1012 2799; x_wconf 89' lang='lat' dir='ltr'>huic</span> <span class='ocrx_word' id='word_1_209' title='bbox 1035 2735 1228 2815; x_wconf 88' lang='lat' dir='ltr'>incredibile,</span> <span class='ocrx_word' id='word_1_210' title='bbox 1254 2759 1338 2801; x_wconf 90' lang='lat' dir='ltr'>nunc</span> <span class='ocrx_word' id='word_1_211' title='bbox 1363 2760 1438 2803; x_wconf 88' lang='lat' dir='ltr'>vero</span> 
     </span>
     <span class='ocr_line' id='line_1_24' title="bbox 235 2832 1437 2921; baseline 0.001 -21"><span class='ocrx_word' id='word_1_212' title='bbox 235 2848 382 2921; x_wconf 89' lang='lat' dir='ltr'>apertum</span> <span class='ocrx_word' id='word_1_213' title='bbox 393 2838 460 2921; x_wconf 83' lang='lat' dir='ltr'>jam</span> <span class='ocrx_word' id='word_1_214' title='bbox 476 2836 620 2900; x_wconf 90' lang='lat' dir='ltr'>omnibus</span> <span class='ocrx_word' id='word_1_215' title='bbox 636 2858 674 2899; x_wconf 82' lang='lat' dir='ltr'>ac</span> <span class='ocrx_word' id='word_1_216' title='bbox 689 2834 892 2898; x_wconf 85' lang='lat' dir='ltr'>manifestum</span> <span class='ocrx_word' id='word_1_217' title='bbox 906 2832 1039 2897; x_wconf 84' lang='lat' dir='ltr'>videtur.</span> <span class='ocrx_word' id='word_1_218' title='bbox 1086 2834 1116 2895; x_wconf 94' lang='lat' dir='ltr'><strong>N</strong></span> <span class='ocrx_word' id='word_1_219' title='bbox 1118 2854 1159 2897; x_wconf 92' lang='lat' dir='ltr'>ou</span> <span class='ocrx_word' id='word_1_220' title='bbox 1174 2842 1225 2899; x_wconf 85' lang='lat' dir='ltr'>est</span> <span class='ocrx_word' id='word_1_221' title='bbox 1238 2836 1382 2920; x_wconf 86' lang='lat' dir='ltr'>prolecto</span> <span class='ocrx_word' id='word_1_222' title='bbox 1396 2837 1437 2901; x_wconf 89' lang='lat' dir='ltr'>de</span> 
     </span>
     <span class='ocr_line' id='line_1_25' title="bbox 235 2930 1436 3017; baseline 0.002 -22"><span class='ocrx_word' id='word_1_223' title='bbox 235 2933 288 2996; x_wconf 94' lang='lat' dir='ltr'>illo</span> <span class='ocrx_word' id='word_1_224' title='bbox 315 2956 435 2998; x_wconf 88' lang='lat' dir='ltr'>veneno</span> <span class='ocrx_word' id='word_1_225' title='bbox 465 2934 567 2997; x_wconf 86' lang='lat' dir='ltr'>celata</span> <span class='ocrx_word' id='word_1_226' title='bbox 595 2941 716 2997; x_wconf 86' lang='lat' dir='ltr'>mater:</span> <span class='ocrx_word' id='word_1_227' title='bbox 756 2932 832 2997; x_wconf 93' lang='lat' dir='ltr'>nihil</span> <span class='ocrx_word' id='word_1_228' title='bbox 853 2942 907 2996; x_wconf 83' lang='lat' dir='ltr'>est</span> <span class='ocrx_word' id='word_1_229' title='bbox 930 2933 972 2996; x_wconf 90' lang='lat' dir='ltr'>ab</span> <span class='ocrx_word' id='word_1_230' title='bbox 1002 2930 1178 3017; x_wconf 89' lang='lat' dir='ltr'>Oppianico</span> <span class='ocrx_word' id='word_1_231' title='bbox 1208 2932 1275 2997; x_wconf 86' lang='lat' dir='ltr'>sine</span> <span class='ocrx_word' id='word_1_232' title='bbox 1306 2934 1436 2998; x_wconf 89' lang='lat' dir='ltr'>consilio</span> 
     </span>
     <span class='ocr_line' id='line_1_26' title="bbox 235 3030 1435 3118; baseline 0.001 -23"><span class='ocrx_word' id='word_1_233' title='bbox 235 3032 374 3097; x_wconf 88' lang='lat' dir='ltr'>mulieris</span> <span class='ocrx_word' id='word_1_234' title='bbox 389 3032 587 3118; x_wconf 68' lang='lat' dir='ltr'>cogitatum</span> <span class='ocrx_word' id='word_1_235' title='bbox 613 3032 697 3116; x_wconf 92' lang='lat' dir='ltr'>quod</span> <span class='ocrx_word' id='word_1_236' title='bbox 722 3030 750 3095; x_wconf 91' lang='lat' dir='ltr'>si</span> <span class='ocrx_word' id='word_1_237' title='bbox 765 3040 860 3109; x_wconf 88' lang='lat' dir='ltr'>esset,</span> <span class='ocrx_word' id='word_1_238' title='bbox 878 3038 966 3095; x_wconf 88' lang='lat' dir='ltr'>certe</span> <span class='ocrx_word' id='word_1_239' title='bbox 981 3038 1094 3115; x_wconf 89' lang='lat' dir='ltr'>postea</span> <span class='ocrx_word' id='word_1_240' title='bbox 1109 3030 1306 3115; x_wconf 85' lang='lat' dir='ltr'>deprebensa</span> <span class='ocrx_word' id='word_1_241' title='bbox 1320 3054 1355 3095; x_wconf 88' lang='lat' dir='ltr'>re</span> <span class='ocrx_word' id='word_1_242' title='bbox 1371 3054 1435 3097; x_wconf 92' lang='lat' dir='ltr'>non</span> 
     </span>
     <span class='ocr_line' id='line_1_27' title="bbox 235 3129 1434 3217; baseline 0.002 -24"><span class='ocrx_word' id='word_1_243' title='bbox 235 3130 288 3194; x_wconf 90' lang='lat' dir='ltr'>illa</span> <span class='ocrx_word' id='word_1_244' title='bbox 311 3139 348 3197; x_wconf 90' lang='lat' dir='ltr'>ut</span> <span class='ocrx_word' id='word_1_245' title='bbox 372 3154 392 3196; x_wconf 92' lang='lat' dir='ltr'>a</span> <span class='ocrx_word' id='word_1_246' title='bbox 419 3132 485 3195; x_wconf 87' lang='lat' dir='ltr'>viro</span> <span class='ocrx_word' id='word_1_247' title='bbox 511 3131 655 3216; x_wconf 91' lang='lat' dir='ltr'>improbo</span> <span class='ocrx_word' id='word_1_248' title='bbox 679 3130 887 3217; x_wconf 75' lang='lat' dir='ltr'>discessisset,</span> <span class='ocrx_word' id='word_1_249' title='bbox 915 3130 972 3194; x_wconf 90' lang='lat' dir='ltr'>sed</span> <span class='ocrx_word' id='word_1_250' title='bbox 995 3140 1033 3194; x_wconf 91' lang='lat' dir='ltr'>ut</span> <span class='ocrx_word' id='word_1_251' title='bbox 1056 3152 1076 3193; x_wconf 88' lang='lat' dir='ltr'>a</span> <span class='ocrx_word' id='word_1_252' title='bbox 1100 3129 1316 3195; x_wconf 87' lang='lat' dir='ltr'>crudelissimo</span> <span class='ocrx_word' id='word_1_253' title='bbox 1341 3130 1434 3195; x_wconf 88' lang='lat' dir='ltr'>hoste</span> 
     </span>
     <span class='ocr_line' id='line_1_28' title="bbox 235 3228 1435 3315; baseline -0.001 -23"><span class='ocrx_word' id='word_1_254' title='bbox 235 3229 377 3313; x_wconf 77' lang='lat' dir='ltr'>fugisset,</span> <span class='ocrx_word' id='word_1_255' title='bbox 403 3231 590 3315; x_wconf 90' lang='lat' dir='ltr'>domumque</span> <span class='ocrx_word' id='word_1_256' title='bbox 616 3228 701 3292; x_wconf 87' lang='lat' dir='ltr'>illam</span> <span class='ocrx_word' id='word_1_257' title='bbox 727 3228 758 3291; x_wconf 93' lang='lat' dir='ltr'>in</span> <span class='ocrx_word' id='word_1_258' title='bbox 785 3236 976 3314; x_wconf 90' lang='lat' dir='ltr'>perpetuum</span> <span class='ocrx_word' id='word_1_259' title='bbox 1001 3228 1119 3291; x_wconf 88' lang='lat' dir='ltr'>scelere</span> <span class='ocrx_word' id='word_1_260' title='bbox 1140 3228 1225 3291; x_wconf 90' lang='lat' dir='ltr'>omni</span> <span class='ocrx_word' id='word_1_261' title='bbox 1253 3228 1435 3293; x_wconf 88' lang='lat' dir='ltr'>affluentem</span> 
     </span>
     <span class='ocr_line' id='line_1_29' title="bbox 234 3326 1436 3414; baseline 0 -23"><span class='ocrx_word' id='word_1_262' title='bbox 234 3328 420 3414; x_wconf 89' lang='lat' dir='ltr'>reliquisset.</span> <span class='ocrx_word' id='word_1_263' title='bbox 467 3328 539 3393; x_wconf 92' lang='lat' dir='ltr'>Non</span> <span class='ocrx_word' id='word_1_264' title='bbox 566 3328 658 3391; x_wconf 91' lang='lat' dir='ltr'>modo</span> <span class='ocrx_word' id='word_1_265' title='bbox 681 3326 798 3391; x_wconf 92' lang='lat' dir='ltr'>id·non</span> <span class='ocrx_word' id='word_1_266' title='bbox 821 3328 905 3405; x_wconf 87' lang='lat' dir='ltr'>iecit,</span> <span class='ocrx_word' id='word_1_267' title='bbox 935 3328 993 3391; x_wconf 88' lang='lat' dir='ltr'>sed</span> <span class='ocrx_word' id='word_1_268' title='bbox 1018 3328 1059 3391; x_wconf 91' lang='lat' dir='ltr'>ab</span> <span class='ocrx_word' id='word_1_269' title='bbox 1082 3326 1135 3389; x_wconf 94' lang='lat' dir='ltr'>illo</span> <span class='ocrx_word' id='word_1_270' title='bbox 1160 3334 1302 3412; x_wconf 87' lang='lat' dir='ltr'>ternpore</span> <span class='ocrx_word' id='word_1_271' title='bbox 1317 3327 1436 3391; x_wconf 89' lang='lat' dir='ltr'>nullum</span> 
     </span>
     <span class='ocr_line' id='line_1_30' title="bbox 234 3425 1434 3513; baseline 0.001 -25"><span class='ocrx_word' id='word_1_272' title='bbox 234 3425 336 3490; x_wconf 89' lang='lat' dir='ltr'>locum</span> <span class='ocrx_word' id='word_1_273' title='bbox 362 3428 575 3512; x_wconf 87' lang='lat' dir='ltr'>praetermisit</span> <span class='ocrx_word' id='word_1_274' title='bbox 597 3426 630 3489; x_wconf 91' lang='lat' dir='ltr'>in</span> <span class='ocrx_word' id='word_1_275' title='bbox 653 3448 715 3513; x_wconf 93' lang='lat' dir='ltr'>quo</span> <span class='ocrx_word' id='word_1_276' title='bbox 739 3448 802 3489; x_wconf 95' lang='lat' dir='ltr'>non</span> <span class='ocrx_word' id='word_1_277' title='bbox 826 3432 967 3490; x_wconf 88' lang='lat' dir='ltr'>strueret</span> <span class='ocrx_word' id='word_1_278' title='bbox 990 3425 1121 3489; x_wconf 88' lang='lat' dir='ltr'>insidias</span> <span class='ocrx_word' id='word_1_279' title='bbox 1146 3425 1278 3510; x_wconf 90' lang='lat' dir='ltr'>aliquas,</span> <span class='ocrx_word' id='word_1_280' title='bbox 1298 3446 1337 3489; x_wconf 86' lang='lat' dir='ltr'>ac</span> <span class='ocrx_word' id='word_1_281' title='bbox 1366 3426 1434 3489; x_wconf 88' lang='lat' dir='ltr'>dies</span> 
     </span>
     <span class='ocr_line' id='line_1_31' title="bbox 235 3522 1434 3610; baseline 0 -23"><span class='ocrx_word' id='word_1_282' title='bbox 235 3544 342 3587; x_wconf 88' lang='lat' dir='ltr'>omnes</span> <span class='ocrx_word' id='word_1_283' title='bbox 363 3534 459 3610; x_wconf 86' lang='lat' dir='ltr'>atque</span> <span class='ocrx_word' id='word_1_284' title='bbox 478 3532 589 3589; x_wconf 89' lang='lat' dir='ltr'>noctes</span> <span class='ocrx_word' id='word_1_285' title='bbox 612 3532 684 3589; x_wconf 82' lang='lat' dir='ltr'>tota</span> <span class='ocrx_word' id='word_1_286' title='bbox 707 3532 814 3589; x_wconf 87' lang='lat' dir='ltr'>mente</span> <span class='ocrx_word' id='word_1_287' title='bbox 837 3534 940 3589; x_wconf 88' lang='lat' dir='ltr'>mater</span> <span class='ocrx_word' id='word_1_288' title='bbox 962 3524 1002 3587; x_wconf 86' lang='lat' dir='ltr'>de</span> <span class='ocrx_word' id='word_1_289' title='bbox 1024 3522 1159 3609; x_wconf 87' lang='lat' dir='ltr'>pernicie</span> <span class='ocrx_word' id='word_1_290' title='bbox 1181 3522 1236 3587; x_wconf 88' lang='lat' dir='ltr'>filii</span> <span class='ocrx_word' id='word_1_291' title='bbox 1266 3523 1434 3608; x_wconf 79' lang='lat' dir='ltr'>cogitaret.</span> 
     </span>
     <span class='ocr_line' id='line_1_32' title="bbox 236 3621 1435 3707; baseline 0.003 -24"><span class='ocrx_word' id='word_1_292' title='bbox 236 3622 325 3701; x_wconf 80' lang='lat' dir='ltr'>Quae</span> <span class='ocrx_word' id='word_1_293' title='bbox 348 3622 485 3705; x_wconf 91' lang='lat' dir='ltr'>primum</span> <span class='ocrx_word' id='word_1_294' title='bbox 509 3632 546 3687; x_wconf 93' lang='lat' dir='ltr'>ut</span> <span class='ocrx_word' id='word_1_295' title='bbox 567 3622 653 3685; x_wconf 93' lang='lat' dir='ltr'>illum</span> <span class='ocrx_word' id='word_1_296' title='bbox 678 3623 879 3686; x_wconf 81' lang='lat' dir='ltr'>confirmaret</span> <span class='ocrx_word' id='word_1_297' title='bbox 895 3621 1106 3707; x_wconf 89' lang='lat' dir='ltr'>Oppianicum</span> <span class='ocrx_word' id='word_1_298' title='bbox 1129 3629 1347 3685; x_wconf 87' lang='lat' dir='ltr'>accusatorem</span> <span class='ocrx_word' id='word_1_299' title='bbox 1369 3622 1435 3686; x_wconf 86' lang='lat' dir='ltr'>lilio</span> 
     </span>
     <span class='ocr_line' id='line_1_33' title="bbox 233 3717 1435 3804; baseline -0.002 -21"><span class='ocrx_word' id='word_1_300' title='bbox 233 3740 301 3793; x_wconf 91' lang='lat' dir='ltr'>suo,</span> <span class='ocrx_word' id='word_1_301' title='bbox 319 3718 418 3795; x_wconf 90' lang='lat' dir='ltr'>donis,</span> <span class='ocrx_word' id='word_1_302' title='bbox 440 3720 630 3797; x_wconf 90' lang='lat' dir='ltr'>muneribus,</span> <span class='ocrx_word' id='word_1_303' title='bbox 649 3717 855 3783; x_wconf 85' lang='lat' dir='ltr'>collocatione</span> <span class='ocrx_word' id='word_1_304' title='bbox 869 3720 962 3796; x_wconf 91' lang='lat' dir='ltr'>filiae,</span> <span class='ocrx_word' id='word_1_305' title='bbox 979 3742 1036 3804; x_wconf 90' lang='lat' dir='ltr'>spe</span> <span class='ocrx_word' id='word_1_306' title='bbox 1051 3719 1237 3784; x_wconf 86' lang='lat' dir='ltr'>hereditatis</span> <span class='ocrx_word' id='word_1_307' title='bbox 1252 3718 1435 3783; x_wconf 85' lang='lat' dir='ltr'>obstrinxit.</span> 
     </span>
     <span class='ocr_line' id='line_1_34' title="bbox 236 3814 1435 3902; baseline 0.001 -24"><span class='ocrx_word' id='word_1_308' title='bbox 236 3814 388 3878; x_wconf 89' lang='lat' dir='ltr'>LXVII.</span> <span class='ocrx_word' id='word_1_309' title='bbox 435 3817 486 3881; x_wconf 88' lang='lat' dir='ltr'>lta</span> <span class='ocrx_word' id='word_1_310' title='bbox 502 3817 585 3901; x_wconf 94' lang='lat' dir='ltr'>quod</span> <span class='ocrx_word' id='word_1_311' title='bbox 600 3816 684 3899; x_wconf 89' lang='lat' dir='ltr'>apud</span> <span class='ocrx_word' id='word_1_312' title='bbox 701 3825 834 3892; x_wconf 87' lang='lat' dir='ltr'>ceteros,</span> <span class='ocrx_word' id='word_1_313' title='bbox 852 3816 942 3878; x_wconf 87' lang='lat' dir='ltr'>novis</span> <span class='ocrx_word' id='word_1_314' title='bbox 956 3816 1040 3880; x_wconf 87' lang='lat' dir='ltr'>inter</span> <span class='ocrx_word' id='word_1_315' title='bbox 1061 3816 1255 3902; x_wconf 91' lang='lat' dir='ltr'>propinquos</span> <span class='ocrx_word' id='word_1_316' title='bbox 1276 3816 1435 3899; x_wconf 87' lang='lat' dir='ltr'>susceptis</span> 
     </span>
     <span class='ocr_line' id='line_1_35' title="bbox 234 3910 1432 3997; baseline -0.002 -20"><span class='ocrx_word' id='word_1_317' title='bbox 234 3912 417 3989; x_wconf 90' lang='lat' dir='ltr'>inimicitiis,</span> <span class='ocrx_word' id='word_1_318' title='bbox 441 3936 534 3997; x_wconf 86' lang='lat' dir='ltr'>saepe</span> <span class='ocrx_word' id='word_1_319' title='bbox 550 3911 617 3975; x_wconf 88' lang='lat' dir='ltr'>fieri</span> <span class='ocrx_word' id='word_1_320' title='bbox 640 3912 775 3975; x_wconf 88' lang='lat' dir='ltr'>divortia</span> <span class='ocrx_word' id='word_1_321' title='bbox 796 3920 893 3996; x_wconf 90' lang='lat' dir='ltr'>atque</span> <span class='ocrx_word' id='word_1_322' title='bbox 915 3912 1107 3976; x_wconf 84' lang='lat' dir='ltr'>affinitatum</span> <span class='ocrx_word' id='word_1_323' title='bbox 1129 3910 1261 3974; x_wconf 87' lang='lat' dir='ltr'>discidia</span> <span class='ocrx_word' id='word_1_324' title='bbox 1283 3912 1432 3989; x_wconf 83' lang='lat' dir='ltr'>videmus,</span> 
     </span>
     <span class='ocr_line' id='line_1_36' title="bbox 233 4006 1432 4091; baseline -0.003 -18"><span class='ocrx_word' id='word_1_325' title='bbox 233 4010 312 4073; x_wconf 91' lang='lat' dir='ltr'>haec</span> <span class='ocrx_word' id='word_1_326' title='bbox 321 4010 432 4073; x_wconf 89' lang='lat' dir='ltr'>mulier</span> <span class='ocrx_word' id='word_1_327' title='bbox 441 4010 521 4073; x_wconf 88' lang='lat' dir='ltr'>satis</span> <span class='ocrx_word' id='word_1_328' title='bbox 532 4008 657 4071; x_wconf 89' lang='lat' dir='ltr'>firmum</span> <span class='ocrx_word' id='word_1_329' title='bbox 668 4020 887 4072; x_wconf 88' lang='lat' dir='ltr'>accusatorem</span> <span class='ocrx_word' id='word_1_330' title='bbox 902 4006 966 4070; x_wconf 87' lang='lat' dir='ltr'>lilio</span> <span class='ocrx_word' id='word_1_331' title='bbox 982 4029 1039 4071; x_wconf 91' lang='lat' dir='ltr'>suo</span> <span class='ocrx_word' id='word_1_332' title='bbox 1053 4008 1120 4070; x_wconf 86' lang='lat' dir='ltr'>fore</span> <span class='ocrx_word' id='word_1_333' title='bbox 1133 4008 1432 4091; x_wconf 82' lang='lat' dir='ltr'>neminemputavit,</span> 
     </span>
     <span class='ocr_line' id='line_1_37' title="bbox 233 4103 1434 4193; baseline -0.002 -22"><span class='ocrx_word' id='word_1_334' title='bbox 233 4108 293 4171; x_wconf 90' lang='lat' dir='ltr'>nisi</span> <span class='ocrx_word' id='word_1_335' title='bbox 309 4106 361 4193; x_wconf 91' lang='lat' dir='ltr'>qui</span> <span class='ocrx_word' id='word_1_336' title='bbox 377 4107 409 4171; x_wconf 94' lang='lat' dir='ltr'>iu</span> <span class='ocrx_word' id='word_1_337' title='bbox 424 4104 660 4172; x_wconf 88' lang='lat' dir='ltr'>matrimonium</span> <span class='ocrx_word' id='word_1_338' title='bbox 670 4126 812 4169; x_wconf 90' lang='lat' dir='ltr'>sororem</span> <span class='ocrx_word' id='word_1_339' title='bbox 827 4106 897 4190; x_wconf 92' lang='lat' dir='ltr'>ejus</span> <span class='ocrx_word' id='word_1_340' title='bbox 911 4110 1008 4168; x_wconf 90' lang='lat' dir='ltr'>antea</span> <span class='ocrx_word' id='word_1_341' title='bbox 1023 4103 1177 4168; x_wconf 83' lang='lat' dir='ltr'>duxisset.</span> <span class='ocrx_word' id='word_1_342' title='bbox 1222 4105 1330 4168; x_wconf 84' lang='lat' dir='ltr'>Oeteri</span> <span class='ocrx_word' id='word_1_343' title='bbox 1345 4108 1434 4170; x_wconf 88' lang='lat' dir='ltr'>novis</span> 
     </span>
    </p>
   </div>
   <div class='ocr_carea' id='block_1_3' title="bbox 231 4352 1436 4682">
    <p class='ocr_par' dir='ltr' id='par_1_4' title="bbox 231 4352 1436 4682">
     <span class='ocr_line' id='line_1_38' title="bbox 264 4352 1434 4420; baseline -0.001 -15"><span class='ocrx_word' id='word_1_344' title='bbox 264 4358 286 4405; x_wconf 81' lang='lat' dir='ltr'>ri</span> <span class='ocrx_word' id='word_1_345' title='bbox 308 4356 390 4420; x_wconf 68' lang='lat' dir='ltr'>emt]</span> <span class='ocrx_word' id='word_1_346' title='bbox 421 4357 446 4406; x_wconf 86' lang='lat' dir='ltr'>S.</span> <span class='ocrx_word' id='word_1_347' title='bbox 468 4356 498 4406; x_wconf 87' lang='lat' dir='ltr'>T.</span> <span class='ocrx_word' id='word_1_348' title='bbox 531 4356 584 4405; x_wconf 88' lang='lat' dir='ltr'>The</span> <span class='ocrx_word' id='word_1_349' title='bbox 602 4356 671 4405; x_wconf 88' lang='lat' dir='ltr'>other</span> <span class='ocrx_word' id='word_1_350' title='bbox 681 4354 819 4420; x_wconf 70' lang='lat' dir='ltr'>readingia</span> <span class='ocrx_word' id='word_1_351' title='bbox 851 4354 914 4403; x_wconf 87' lang='lat' dir='ltr'>been</span> <span class='ocrx_word' id='word_1_352' title='bbox 926 4352 1128 4402; x_wconf 83' lang='lat' dir='ltr'>misunderatood.</span> <span class='ocrx_word' id='word_1_353' title='bbox 1161 4352 1215 4401; x_wconf 81' lang='lat' dir='ltr'>&#39;l&#39;bc</span> <span class='ocrx_word' id='word_1_354' title='bbox 1232 4354 1434 4404; x_wconf 74' lang='lat' dir='ltr'>constructioni·</span> 
     </span>
     <span class='ocr_line' id='line_1_39' title="bbox 233 4418 1436 4483; baseline -0.001 -14"><span class='ocrx_word' id='word_1_355' title='bbox 233 4426 240 4450; x_wconf 82' lang='lat'>¹</span> <span class='ocrx_word' id='word_1_356' title='bbox 248 4420 311 4469; x_wconf 67' lang='lat' dir='ltr'>uisi!</span> <span class='ocrx_word' id='word_1_357' title='bbox 853 4420 907 4468; x_wconf 80' lang='lat' dir='ltr'>‘Itu</span> <span class='ocrx_word' id='word_1_358' title='bbox 923 4419 1091 4483; x_wconf 70' lang='lat' dir='ltr'>quod-asepc</span> <span class='ocrx_word' id='word_1_359' title='bbox 1106 4418 1316 4475; x_wconf 58' lang='lat' dir='ltr'>fieri-ridemus)</span> <span class='ocrx_word' id='word_1_360' title='bbox 1330 4420 1377 4467; x_wconf 79' lang='lat' dir='ltr'>aud</span> <span class='ocrx_word' id='word_1_361' title='bbox 1392 4420 1436 4468; x_wconf 82' lang='lat' dir='ltr'>the</span> 
     </span>
     <span class='ocr_line' id='line_1_40' title="bbox 265 4482 1435 4551; baseline -0.001 -17"><span class='ocrx_word' id='word_1_362' title='bbox 265 4488 305 4543; x_wconf 80' lang='lat'>67.</span> <span class='ocrx_word' id='word_1_363' title='bbox 322 4488 362 4535; x_wconf 81' lang='lat' dir='ltr'>Ita</span> <span class='ocrx_word' id='word_1_364' title='bbox 382 4486 458 4551; x_wconf 84' lang='lat' dir='ltr'>quod]</span> <span class='ocrx_word' id='word_1_365' title='bbox 477 4486 530 4535; x_wconf 85' lang='lat' dir='ltr'>The</span> <span class='ocrx_word' id='word_1_366' title='bbox 548 4486 646 4549; x_wconf 79' lang='lat' dir='ltr'>reading</span> <span class='ocrx_word' id='word_1_367' title='bbox 663 4486 690 4535; x_wconf 81' lang='lat' dir='ltr'>oi</span> <span class='ocrx_word' id='word_1_368' title='bbox 706 4486 731 4533; x_wconf 84' lang='lat' dir='ltr'>S.</span> <span class='ocrx_word' id='word_1_369' title='bbox 748 4485 778 4533; x_wconf 90' lang='grc' dir='ltr'>Τ.</span> <span class='ocrx_word' id='word_1_370' title='bbox 791 4484 818 4533; x_wconf 85' lang='lat' dir='ltr'>F.</span> <span class='ocrx_word' id='word_1_371' title='bbox 852 4484 929 4532; x_wconf 79' lang='lat' dir='ltr'>worda</span> <span class='ocrx_word' id='word_1_372' title='bbox 963 4482 1226 4541; x_wconf 72' lang='lat' dir='ltr'>&#39;divortio-discidia,’</span> <span class='ocrx_word' id='word_1_373' title='bbox 1256 4484 1368 4546; x_wconf 81' lang='lat' dir='ltr'>expound</span> <span class='ocrx_word' id='word_1_374' title='bbox 1392 4484 1435 4533; x_wconf 89' lang='lat' dir='ltr'>tba</span> 
     </span>
     <span class='ocr_line' id='line_1_41' title="bbox 231 4548 1434 4615; baseline 0.001 -17"><span class='ocrx_word' id='word_1_375' title='bbox 231 4548 278 4607; x_wconf 76' lang='lat' dir='ltr'>M.</span> <span class='ocrx_word' id='word_1_376' title='bbox 290 4552 366 4599; x_wconf 78' lang='lat' dir='ltr'>which</span> <span class='ocrx_word' id='word_1_377' title='bbox 378 4552 403 4599; x_wconf 89' lang='lat' dir='ltr'>in</span> <span class='ocrx_word' id='word_1_378' title='bbox 414 4552 485 4601; x_wconf 83' lang='lat' dir='ltr'>other</span> <span class='ocrx_word' id='word_1_379' title='bbox 501 4552 574 4600; x_wconf 86' lang='lat' dir='ltr'>MSS.</span> <span class='ocrx_word' id='word_1_380' title='bbox 591 4552 612 4599; x_wconf 89' lang='lat' dir='ltr'>ia</span> <span class='ocrx_word' id='word_1_381' title='bbox 628 4550 754 4615; x_wconf 86' lang='lat' dir='ltr'>corrupted</span> <span class='ocrx_word' id='word_1_382' title='bbox 766 4552 817 4600; x_wconf 84' lang='lat' dir='ltr'>into</span> <span class='ocrx_word' id='word_1_383' title='bbox 850 4550 948 4613; x_wconf 78' lang='lat' dir='ltr'>‘quod&#39;</span> <span class='ocrx_word' id='word_1_384' title='bbox 983 4548 1370 4604; x_wconf 59' lang='lat' dir='ltr'>Securocluenticcamota.</span> <span class='ocrx_word' id='word_1_385' title='bbox 1404 4550 1434 4599; x_wconf 91' lang='lat' dir='ltr'>lu</span> 
     </span>
     <span class='ocr_line' id='line_1_42' title="bbox 232 4612 1434 4682; baseline 0.002 -20"><span class='ocrx_word' id='word_1_386' title='bbox 232 4614 350 4679; x_wconf 81' lang='lat' dir='ltr'>‘itaqua&#39;</span> <span class='ocrx_word' id='word_1_387' title='bbox 371 4616 395 4667; x_wconf 84' lang='lat' dir='ltr'>lt</span> <span class='ocrx_word' id='word_1_388' title='bbox 405 4617 426 4667; x_wconf 85' lang='lat' dir='ltr'>ia</span> <span class='ocrx_word' id='word_1_389' title='bbox 437 4618 542 4682; x_wconf 67' lang='lat' dir='ltr'>singular</span> <span class='ocrx_word' id='word_1_390' title='bbox 550 4618 603 4667; x_wconf 81' lang='lat' dir='ltr'>horr</span> <span class='ocrx_word' id='word_1_391' title='bbox 612 4618 659 4666; x_wconf 83' lang='lat' dir='ltr'>this</span> <span class='ocrx_word' id='word_1_392' title='bbox 668 4622 675 4646; x_wconf 79' lang='lat'>⁴</span> <span class='ocrx_word' id='word_1_393' title='bbox 683 4616 762 4681; x_wconf 88' lang='lat' dir='ltr'>quod&#39;</span> <span class='ocrx_word' id='word_1_394' title='bbox 773 4616 817 4665; x_wconf 80' lang='lat' dir='ltr'>bas</span> <span class='ocrx_word' id='word_1_395' title='bbox 849 4616 917 4679; x_wconf 72' lang='lat' dir='ltr'>place</span> <span class='ocrx_word' id='word_1_396' title='bbox 927 4615 955 4664; x_wconf 81' lang='lat' dir='ltr'>ot</span> <span class='ocrx_word' id='word_1_397' title='bbox 963 4619 970 4643; x_wconf 79' lang='lat'>⁴</span> <span class='ocrx_word' id='word_1_398' title='bbox 977 4612 1102 4674; x_wconf 81' lang='lat' dir='ltr'>videmua‚&#39;</span> <span class='ocrx_word' id='word_1_399' title='bbox 1114 4614 1139 4663; x_wconf 79' lang='lat' dir='ltr'>S.</span> <span class='ocrx_word' id='word_1_400' title='bbox 1150 4614 1180 4663; x_wconf 87' lang='grc' dir='ltr'>Τ.</span> <span class='ocrx_word' id='word_1_401' title='bbox 1190 4614 1217 4662; x_wconf 71' lang='grc' dir='ltr'>Γ.</span> <span class='ocrx_word' id='word_1_402' title='bbox 1228 4614 1289 4663; x_wconf 77' lang='lat' dir='ltr'>have</span> <span class='ocrx_word' id='word_1_403' title='bbox 1300 4614 1434 4664; x_wconf 70' lang='lat' dir='ltr'>‘vidium&#39;</span> 
     </span>
    </p>
   </div>
   <div class='ocr_carea' id='block_1_4' title="bbox 0 0 1764 5325">
    <p class='ocr_par' dir='ltr' id='par_1_5' title="bbox 0 0 1764 5325">
     <span class='ocr_line' id='line_1_43' title="bbox 0 0 1764 5325; baseline 0 4"><span class='ocrx_word' id='word_1_404' title='bbox 0 0 1764 5325; x_wconf 95' lang='lat' dir='ltr'> </span> 
     </span>
    </p>
   </div>
  </div>
 </body>
</html>
