3517 5325
345 482 387 545 68
657 472 792 538 ORAT.
817 471 909 537 PRO
940 470 1045 537 SEX.
1069 467 1235 535 Rosulo

346 646 516 734 profligata
540 651 638 731 atque
662 644 810 731 perdital
855 644 999 725 Quorum
1012 648 1051 706 tn
1076 640 1154 705 nihil
1179 639 1213 703 iu
1228 639 1302 703 Sem
1327 636 1486 702 Roscium
1513 659 1560 701 ne

347 744 518 830 objiciendi
533 744 659 829 quidem
675 765 789 807 caussa
804 740 979 806 contulisti.

392 842 494 907 XIV.
519 843 651 908 Patrem
668 842 784 907 occidit
807 841 883 905 Sex.
899 838 1047 904 Roscius.
1093 837 1155 918 Qui
1169 837 1287 901 homo?
1317 835 1560 899 Adolescentu-

347 942 396 1005 lus
420 948 588 1026 corruptus
614 947 649 1004 et
672 941 713 1003 ab
739 938 921 1003 hominibus
943 957 1080 1021 nequam
1104 934 1275 999 inductus?
1319 933 1435 997 Annos
1456 940 1559 995 natus

350 1039 453 1123 major
468 1036 689 1123 quadraginta.
735 1036 842 1101 Vetus
856 1034 1002 1099 videlicet
1016 1033 1156 1111 sicarius,
1173 1032 1268 1096 homo
1288 1032 1394 1094 audax
1408 1038 1443 1095 et
1456 1050 1559 1115 saepe

349 1137 382 1201 iu
397 1136 493 1201 caede
508 1143 662 1200 versatus.
708 1134 757 1199 At
781 1136 842 1198 hoc
861 1134 903 1197 ab
922 1140 1109 1197 accusatore
1128 1130 1241 1194 nedici
1264 1129 1391 1216 quidem
1407 1127 1556 1193 audistis.

350 1234 506 1297 Luxuries
521 1233 620 1318 igitur
634 1231 791 1295 hominem
818 1231 966 1294 nimirum
981 1238 1015 1293 et
1037 1227 1121 1291 aeris
1142 1227 1236 1291 alieni
1255 1227 1442 1312 magnitudo
1456 1234 1492 1289 et
1505 1226 1556 1289 iu-

349 1332 488 1397 domitae
501 1330 598 1395 animi
613 1328 806 1415 cupiditates
831 1329 872 1392 ad
899 1329 960 1391 hoc
988 1326 1091 1390 scelus
1116 1326 1316 1411 impulerunt.
1362 1325 1413 1389 De
1427 1324 1558 1388 luxuria

349 1430 498 1516 purgavit
513 1428 649 1493 Erucius
663 1450 760 1514 quum
775 1426 857 1491 dixit
882 1427 966 1489 hunc
988 1446 1028 1487 ne
1047 1424 1080 1487 in
1096 1423 1238 1487 convivio
1260 1422 1388 1509 quidem
1406 1422 1471 1484 ullo
1486 1421 1557 1485 lere

349 1528 539 1593 interfuisse.
585 1526 672 1589 Nihil
686 1533 795 1590 autem
809 1546 960 1610 umquam
975 1524 1095 1588 debuit.
1141 1522 1342 1609 Cupiditates
1362 1544 1457 1607 porro
1472 1544 1557 1607 quae

351 1631 486 1710 possunt
501 1646 571 1687 esse
593 1624 625 1686 in
641 1645 688 1699 eo,
706 1623 770 1707 qui,
784 1630 822 1687 nt
836 1622 904 1707 ipse
918 1631 1087 1685 accusator
1101 1622 1229 1705 objecit,
1245 1621 1311 1684 ruri
1325 1642 1450 1704 semper
1464 1620 1557 1683 hahi-

351 1722 431 1786 tarit
455 1730 489 1783 et
514 1722 546 1783 in
570 1742 648 1805 agro
671 1721 803 1784 colendo
828 1719 966 1783 vixerit!
988 1741 1069 1804 quae
1092 1719 1160 1783 vita
1184 1719 1323 1783 maxime
1346 1718 1508 1802 disjuncta
1533 1740 1557 1781 a

352 1819 526 1904 cupiditate
541 1824 601 1894 est,
620 1825 654 1881 et
677 1839 749 1881 cum
773 1818 876 1881 officio
901 1819 1080 1903 conjuncta.
1126 1817 1290 1898 Quaeres
1313 1816 1412 1903 igitur
1424 1824 1556 1881 tantum

353 1919 449 1981 istum
464 1915 602 1977 furorem
629 1914 703 1977 Sex.
729 1915 846 1979 Roscio
872 1916 1010 2000 objecit?
1054 1914 1156 1993 Patri,
1181 1914 1292 2000 inquit,
1317 1936 1381 1977 nou
1396 1914 1556 1999 placebat.

355 2014 448 2077 Patri
472 2034 537 2076 non
562 2011 730 2097 placebat?
752 2034 846 2098 quam
872 2016 914 2078 ob
937 2014 1103 2078 caussam?
1147 2012 1287 2075 Necesse
1309 2018 1360 2075 est
1382 2010 1467 2075 enim
1481 2033 1557 2075 eam

352 2134 477 2198 quoque
499 2111 621 2195 justam
645 2118 680 2175 et
705 2132 850 2196 magnam
866 2117 899 2175 et
925 2111 1124 2197 perspicuam
1150 2110 1257 2173 fuisse.
1304 2108 1387 2172 Nam
1412 2109 1557 2173 utillud

352 2208 534 2273 incredibile
549 2215 600 2272 est
618 2215 752 2272 mortem
777 2208 917 2273 oblatam
943 2230 1013 2273 esse
1032 2208 1115 2293 patri
1138 2231 1159 2271 a
1180 2207 1246 2271 filio
1268 2207 1337 2271 sine
1361 2206 1505 2291 plurimis
1518 2215 1558 2271 et

351 2306 497 2375 maximis
512 2306 642 2381 caussis,
659 2306 705 2370 sic
720 2306 780 2371 hoc
795 2305 961 2370 verisimile
972 2328 1036 2370 non
1051 2313 1103 2369 est
1117 2306 1189 2370 odio
1203 2305 1301 2369 luisse
1316 2304 1438 2389 parenti
1453 2304 1556 2367 filium

350 2403 419 2467 sine
435 2402 557 2467 caussis
571 2402 679 2467 multis
694 2410 728 2467 et
741 2403 865 2489 magnis
886 2409 921 2467 et
935 2402 1130 2467 necessariis.
1176 2402 1301 2466 Rursus
1322 2402 1420 2487 igitur
1441 2401 1556 2465 eodem

351 2509 546 2565 revertamur
575 2506 608 2565 et
632 2522 821 2586 quaeramus
845 2522 927 2585 quae
950 2507 1044 2564 tanta
1068 2498 1146 2564 vitia
1170 2500 1289 2564 luerint
1311 2499 1345 2562 iu
1369 2499 1462 2563 unico
1487 2499 1555 2564 filio

352 2620 449 2684 quare
463 2598 491 2662 is
506 2597 591 2683 patri
605 2596 796 2685 displiceret.
835 2597 883 2662 At
897 2597 1097 2683 perspicuum
1111 2603 1162 2664 est
1175 2596 1294 2660 nullum
1309 2596 1417 2660 fuisse.
1451 2595 1557 2662 Pater

351 2699 450 2785 igitur
464 2720 572 2762 amens
587 2698 640 2782 qui
655 2697 778 2762 odisset
792 2719 863 2760 eum
885 2697 953 2760 sine
973 2717 1085 2761 caussa
1110 2717 1204 2780 quem
1223 2704 1416 2782 procrearat.
1463 2695 1555 2758 Atis

352 2797 479 2883 quidem
492 2797 553 2860 fuit
568 2795 708 2859 omnium
730 2793 1017 2860 constantissimus.
1065 2793 1152 2879 Ergo
1167 2793 1244 2857 illud
1262 2794 1330 2878 jam
1352 2791 1554 2878 perspicuum

351 2895 496 2979 profecto
512 2901 570 2972 est,
587 2893 615 2956 si
630 2913 732 2977 neque
746 2915 856 2956 amens
878 2898 972 2976 pater
996 2912 1099 2975 neque
1121 2891 1267 2976 perditus
1281 2890 1365 2954 lilius
1377 2890 1483 2968 luerit
1499 2911 1554 2953 ne·

236 3009 239 3013 '
351 3013 412 3077 que
428 2990 491 3055 odii
518 3011 662 3054 caussam
686 2989 771 3074 patri
796 3011 898 3074 neque
923 2988 1052 3053 sceleris
1074 2987 1138 3051 filio
1164 2987 1270 3050 101000.
1316 2986 1400 3051 XV.
1425 2985 1552 3064 Nescio,

350 3089 463 3173 inquit,
481 3108 561 3172 quas
576 3108 691 3150 caussa
706 3086 770 3150 odii
785 3087 902 3161 fuerit;
927 3086 1025 3150 luisse
1040 3086 1148 3150 odium
1169 3085 1332 3170 intelligo:
1357 3085 1432 3170 quia
1445 3092 1552 3162 antea,

351 3207 449 3271 quum
475 3184 556 3247 duos
578 3183 660 3246 lilios
681 3183 825 3261 haberet,
849 3183 937 3246 illum
962 3183 1098 3248 alterum
1120 3182 1175 3268 qui
1199 3191 1345 3247 mortuus
1370 3190 1421 3248 est
1443 3203 1554 3247 secum

350 3281 436 3344 omni
464 3287 610 3364 tempore
639 3279 766 3344 volebat
791 3303 872 3357 esse,
903 3280 986 3344 huuc
1021 3280 1053 3342 iu
1082 3281 1210 3365 praedia
1235 3280 1357 3345 rustica
1384 3280 1552 3366 relegarat.

353 3377 446 3456 Quod
473 3377 591 3440 Erucio
617 3377 784 3442 accidebat
800 3377 833 3441 in
854 3379 939 3443 mala
968 3377 1199 3463 nugatoriaque
1224 3379 1437 3457 accusatione,
1468 3379 1555 3442 idem

350 3472 427 3535 mihi
442 3494 500 3536 usu
516 3473 649 3537 venitin
673 3495 786 3539 caussa
811 3475 941 3561 optima.
988 3475 1045 3539 Ille
1061 3476 1218 3561 quomodo
1233 3476 1351 3540 crimen
1369 3475 1555 3540 commenti-

351 3569 432 3634 tium
447 3569 649 3635 confirmaret
672 3593 737 3635 non
763 3571 964 3647 inveniebat3
990 3595 1051 3659 ego
1077 3594 1129 3637 res
1151 3581 1220 3637 tam
1242 3573 1328 3638 leves
1351 3596 1415 3659 qua
1428 3573 1554 3638 ratione

350 3667 505 3731 infirmem
519 3688 557 3731 ac
573 3667 690 3732 diluam
712 3671 852 3754 reperire
873 3693 937 3736 non
963 3692 1102 3757 possum.
1148 3671 1232 3752 Quid
1246 3671 1305 3745 ais,
1322 3671 1443 3735 Eruci?
1489 3670 1555 3736 Tot

349 3764 479 3851 praedia
493 3774 561 3830 tam
575 3765 715 3851 pulchra,
732 3775 800 3833 tam
815 3769 982 3835 fructuosa
997 3771 1069 3833 Sex.
1087 3768 1221 3833 Roscius
1235 3769 1300 3833 lilio
1314 3791 1372 3834 suo
1384 3770 1555 3855 relegatio-

223 3906 225 3916 .
349 3862 399 3927 nis
414 3886 451 3928 ae
466 3863 611 3951 supplicii
636 3866 742 3952 gratia
768 3867 901 3932 colenda
923 3890 962 3932 ac
988 3868 1108 3932 tuenda
1130 3867 1327 3932 tradiderat?
1372 3868 1455 3949 Quid
1472 3868 1554 3932 hoel

383 4023 526 4071 14.Αοοω
543 4024 629 4087 natur]
674 4025 744 4074 Most
755 4025 783 4074 ol
791 4025 834 4074 the
850 4025 935 4084 Mss,
968 4025 1045 4073 which
1056 4025 1136 4072 differs
1155 4025 1213 4087 only
1228 4025 1292 4074 from
1309 4026 1352 4073 the
1366 4025 1503 4088 passageof
1512 4024 1553 4073 ci·

348 4101 375 4134 as
386 4087 462 4134 Orelli
473 4087 569 4144 admits,
581 4089 642 4137 hare
653 4090 755 4138 ‘Annos
771 4097 843 4138 natus
859 4093 937 4150 major
968 4105 1031 4145 cero,
1042 4090 1069 4136 in
1079 4091 1168 4151 having
1185 4089 1287 4153 ‘qoam'
1320 4091 1400 4138 'l'hera
1414 4091 1436 4138 is
1451 4089 1555 4138 another
1674 4150 1675 4153 Ἴ

348 4150 522 4213 quadraginta,'
534 4153 582 4200 and
599 4159 639 4214 yet
655 4153 687 4200 hs
704 4155 746 4201 has
763 4154 848 4200 ‘annis
859 4155 935 4215 major
967 4153 1015 4201 like
1023 4169 1122 4216 passage
1131 4155 1157 4201 in
1167 4155 1228 4217 Livy
1236 4155 1284 4202 xlv.
1296 4157 1337 4202 52.

349 4215 522 4276 quadraginm’
546 4231 572 4264 as
592 4217 707 4264 Graevius
726 4217 806 4264 would
825 4218 885 4264 have
906 4219 933 4265 it.
1003 4220 1039 4266 lo.
1057 4232 1102 4265 aaa
1121 4219 1198 4281 venit]
1233 4219 1325 4268 ‘eme
1345 4219 1378 4281 by
1396 4218 1553 4280 experienos‚'
1674 4198 1675 4221 i

349 4275 399 4324 But
412 4279 485 4326 Klotz
505 4281 549 4328 has
568 4281 621 4328 well
637 4282 783 4329 mdnmmed
801 4282 842 4329 tho
860 4282 934 4329 MSS.
967 4282 1021 4329 that
1031 4283 1059 4339 is,
1071 4283 1489 4346 infactitsohappened,aotnrned
1500 4289 1553 4331 out.

348 4339 455 4401 reading.
481 4343 521 4390 He
531 4345 605 4392 refers
616 4346 740 4394 toGellius
752 4345 850 4410 (1.12):
863 4351 879 4373 ¹¹
889 4347 934 4394 mi·
967 4345 1027 4394 This
1048 4347 1069 4394 is
1087 4348 1138 4394 also
1162 4363 1210 4395 one
1228 4349 1257 4396 ol
1272 4348 1381 4396 Caesar’s
1401 4347 1554 4409 expressions

349 4416 432 4450 norem
445 4420 516 4466 quam
527 4423 603 4458 annos
621 4424 659 4458 vr
678 4411 793 4474 majorem
810 4426 882 4474 quem
892 4426 935 4458 an-
968 4409 1010 4474 (B.
1024 4411 1054 4460 G.
1066 4412 1107 4459 vii.
1119 4411 1154 4473 0).
1197 4413 1242 4460 See
1259 4414 1297 4461 De
1309 4413 1367 4461 Seu.
1378 4428 1400 4461 c.
1412 4414 1437 4471 ³,
1448 4411 1498 4459 and
1505 4411 1554 4460 Te·

348 4480 393 4514 noa
411 4480 430 4514 x
447 4473 528 4518 natam
555 4481 702 4536 negaverunt
726 4476 779 4538 oapi
795 4477 831 4526 sas
850 4474 935 4534 esas;”
967 4475 1204 4536 renos,thmio,i.
1216 4479 1290 4526 224.
