3517 5325
265 442 268 447 ’
304 463 348 529 aa
619 455 755 522 onan.
778 455 869 521 Ριιο
901 451 1194 520 snx.noso1o

235 685 241 694 .
305 629 469 716 potuisset
489 626 550 691 nisi
564 625 625 692 hoc
640 625 755 691 mirum
769 632 830 704 est,
847 624 990 710 quodvis
1008 624 1113 690 divina
1131 623 1259 708 assequi
1273 645 1338 688 non
1353 623 1464 710 possit,
1481 621 1510 688 si

306 729 339 792 id
362 747 453 790 mens
475 726 613 789 humana
635 722 754 809 adepta
776 745 839 787 non
860 723 913 786 sit.
960 721 1083 785 Verum
1109 728 1146 786 ιιι
1174 721 1252 786 haec
1276 721 1373 786 missa
1395 721 1510 786 faciam

308 825 468 910 quaejam
481 823 569 886 lacta
587 829 671 900 sunt,
688 843 729 885 ex
749 821 788 884 iis
808 841 890 905 quae
911 841 996 882 nunc
1015 819 1152 883 maxime
1171 819 1261 896 fiunt,
1287 841 1391 884 nonne
1408 819 1510 905 quivis

308 929 418 1008 potest
432 919 608 1005 intelligere
623 918 763 982 omnium
784 917 997 982 architectum
1011 925 1045 981 et
1064 917 1312 984 machinatorem
1328 939 1426 980 unum
1440 937 1511 980 esse

310 1019 560 1105 Chrysogonum,
586 1017 639 1102 qni
666 1017 742 1081 Sex.
767 1015 874 1080 Roscii
904 1037 1019 1079 nomen
1049 1015 1250 1078 deserendum
1276 1009 1417 1080 curarit!
1448 1015 1510 1078 hoo

307 1116 470 1202 judicium,
487 1115 579 1200 cujus
592 1112 721 1178 honoria
736 1135 848 1178 caussa
862 1133 1013 1177 accusare
1028 1134 1063 1176 se
1078 1112 1160 1178 dixit
1175 1111 1331 1177 Erucius?

741 1211 859 1274 Desunt
872 1231 933 1274 noa
941 1210 1058 1295 pocod.

312 1313 363 1352 *ὓ
383 1310 416 1375 in
429 1310 499 1375 vico
515 1306 677 1374 Pallacine
695 1307 746 1348 ἰ
769 1307 921 1391 [maxime
940 1314 1027 1371 metu
1047 1313 1086 1372 ut
1106 1305 1226 1371 Sullam
1244 1305 1382 1390 sedicet]
1407 1308 1456 1348 *ι
1475 1325 1511 1369 se

312 1410 363 1450 ι*
385 1409 419 1472 in
443 1406 656 1472 Veientanam
677 1406 726 1443 *⁴*
743 1427 840 1468 manu
864 1404 994 1489 praedia
1012 1405 1151 1490 praediis
1172 1405 1221 1446 *ὓ
1244 1404 1296 1468 hic
1319 1426 1380 1490 ego
1402 1403 1512 1468 audire

310 1507 391 1570 istos
399 1504 554 1591 cupio**
597 1501 731 1567 XLVI.
754 1503 877 1587 Aptam
889 1507 923 1566 et
933 1502 1055 1566 ratione
1066 1501 1422 1588 dispositamsehabere
1431 1501 1512 1566 exis-

311 1605 436 1683 timant,
460 1603 514 1688 qui
536 1603 570 1666 in
590 1600 763 1665 Salentinis
780 1606 839 1664 aut
861 1599 895 1663 in
913 1597 1051 1665 Bruttiis
1070 1601 1201 1679 habent,
1226 1601 1310 1666 unde
1332 1599 1384 1666 vix
1408 1601 1512 1688 terin
1534 1633 1537 1642 =

311 1725 397 1767 anno
411 1701 521 1765 audire
535 1698 683 1762 nuntium
696 1703 843 1781 possunt.

357 1798 452 1861 Alter
476 1795 536 1861 tibi
558 1793 726 1857 descendit
751 1793 791 1857 de
814 1792 933 1878 palatio
954 1798 994 1858 'et
1020 1793 1153 1858 aedibus
1176 1794 1259 1860 suia:
1293 1795 1392 1860 hahet
1417 1793 1515 1858 animi

312 1893 475 1960 relaxandi
503 1913 618 1956 caussa
644 1911 700 1954 rus
724 1911 893 1954 amoenum
917 1897 952 1956 et
973 1891 1197 1972 suburbanum,
1228 1893 1320 1977 plura
1348 1899 1515 1978 praeterea

313 1991 451 2078 praedia,
466 2011 568 2075 neque
589 1996 698 2053 tamen
721 1985 819 2050 ullum
841 1987 902 2050 nisi
928 1989 1123 2072 praeclarum
1147 1997 1181 2054 et
1203 1989 1433 2075 propinquum:
1458 1991 1514 2054 do-

314 2109 385 2152 mna
398 2085 518 2150 referta
530 2083 615 2149 vasis
630 2085 803 2150 Corinthiis
817 2092 853 2149 et
867 2085 1017 2164 Deliacis,
1034 2086 1067 2149 in
1082 2087 1196 2171 quihus
1210 2095 1261 2152 est
1279 2088 1436 2173 authepsa
1450 2087 1513 2164 illa,

314 2206 411 2271 quam
425 2190 518 2248 tanto
532 2183 636 2268 pretio
650 2204 751 2268 nuper
765 2189 927 2246 mercatus
941 2189 992 2248 est
1006 2191 1044 2247 ιιι
1058 2185 1111 2268 qui
1121 2191 1362 2269 praetereuntes
1377 2183 1515 2270 pretium

315 2281 490 2348 enumerari
504 2280 677 2344 audiebant
691 2280 823 2342 fundum
837 2279 944 2344 venire
965 2281 1207 2346 arbitrarentur.
1252 2282 1334 2363 Quid
1349 2289 1517 2367 praeterea

299 2378 430 2450 ,caelati
452 2377 588 2462 argenti,
614 2376 690 2461 quid
715 2377 877 2462 stragulae
901 2377 1009 2453 vestis,
1038 2377 1114 2463 quid
1140 2378 1299 2464 pictarum
1324 2379 1514 2460 tabularum,

315 2477 391 2563 quid
405 2475 577 2560 signorum,
595 2473 670 2560 quid
693 2474 861 2538 marmoris
885 2475 971 2560 apud
993 2475 1080 2538 illum
1094 2476 1217 2560 putatis
1242 2479 1332 2541 esset
1376 2475 1517 2542 Tantum

315 2573 439 2638 sedicet
454 2578 607 2657 quantum
622 2571 762 2636 smaltis
783 2572 1019 2657 splendidisque
1040 2573 1167 2637 familiis
1188 2573 1221 2637 in
1242 2575 1337 2638 turba
1351 2581 1385 2638 et
1399 2573 1517 2659 rapinis

316 2669 496 2737 coacervari
510 2690 575 2732 una
588 2668 621 2732 in
642 2668 736 2732 domo
758 2669 873 2754 potuit.
920 2669 1088 2734 Familiam
1110 2692 1184 2735 vero
1208 2678 1360 2756 quantam
1374 2678 1408 2736 et
1421 2692 1517 2757 quam

315 2768 410 2833 variis
425 2789 498 2832 cum
512 2765 657 2831 artificiis
680 2766 805 2845 habeat,
831 2766 907 2851 quid
932 2786 992 2851 ego
1018 2768 1142 2833 dicam!
1187 2768 1289 2833 Mitto
1314 2768 1408 2833 hasce
1430 2777 1518 2835 artes

315 2867 473 2952 vulgares,
490 2885 619 2950 coquos,
635 2863 781 2948 pistores,
801 2863 1002 2941 lecticapios3
1027 2864 1123 2929 animi
1145 2872 1180 2931 et
1201 2866 1324 2930 aurium
1339 2888 1452 2930 caussa
1466 2874 1519 2931 tot

316 2964 461 3028 homines
475 2963 574 3027 habet
587 2968 626 3027 ut
639 2961 825 3046 quotidiano
839 2969 937 3026 cantu
960 2982 1070 3025 vocrnn
1085 2969 1120 3027 et
1140 2984 1306 3028 nervorum
1319 2970 1353 3028 et
1367 2964 1518 3030 tibiarum

316 3061 546 3145 nocturnisque
560 3058 712 3124 conviviis
725 3064 798 3123 tota
811 3059 958 3123 vicinitas
973 3068 1133 3145 personet.
1167 3060 1206 3124 In
1222 3062 1282 3126 hac
1296 3062 1371 3142 vita,
1381 3062 1516 3146 judices,

317 3180 398 3245 quos
426 3165 573 3241 sumptus
601 3154 813 3241 quotidianos,
845 3177 927 3241 quaa
949 3156 1119 3222 effirsiones
1141 3158 1209 3223 fieri
1234 3160 1377 3245 putatia!
1429 3158 1518 3240 Quae

316 3277 392 3319 vero
407 3254 568 3318 convivial
590 3252 734 3327 honesta,
759 3252 863 3329 credo,
888 3252 921 3315 in
942 3254 1096 3337 ejusmodi
1119 3255 1231 3319 domo:
1255 3256 1283 3320 si
1305 3256 1418 3320 domus
1439 3257 1518 3321 haec

317 3351 466 3415 habenda
488 3355 539 3414 est
562 3346 670 3433 potius
694 3369 790 3433 quam
815 3349 941 3415 officina
963 3352 1124 3437 nequitiae
1146 3360 1180 3417 et
1202 3353 1409 3419 diversorium
1430 3354 1520 3440 flagi-

318 3493 679 3618 Mdamlaidbiddsmgiilddr:
691 3508 750 3605 liidt
758 3495 905 3607 dipwhatthi:
935 3496 1085 3609 mdia?
1093 3499 1186 3610 'ldvffl
1196 3500 1321 3625 lnffod
1327 3500 1521 3613 lhtdnllssomnahhld

318 3624 363 3671 lalt
376 3628 428 3670 out.
461 3622 530 3669 leh
547 3622 623 3669 ‘altar
634 3621 690 3668 tibl'
708 3620 740 3684 (c.
752 3622 795 3686 46)
820 3624 904 3671 Cicero
936 3626 1012 3687 ooatly
1023 3626 1111 3673 vessels
1127 3626 1148 3673 is
1164 3628 1305 3689 sufficiently
1318 3629 1413 3676 ιιιιοιιιι.
1447 3629 1520 3677 Com·

318 3693 415 3735 returns
426 3692 452 3734 ιο
463 3686 640 3747 Chrysogonus,
652 3686 706 3733 who
716 3688 737 3734 la
749 3687 798 3734 said
809 3692 835 3735 to
843 3688 904 3735 hara
935 3704 993 3750 pare
1001 3690 1029 3739 C.
1041 3690 1071 3738 Δ.
1084 3690 1212 3753 Bdtliger's
1224 3692 1319 3750 Sabina,
1331 3694 1385 3740 Vol.
1395 3693 1431 3741 11.
1442 3708 1467 3755 p.
1480 3696 1520 3751 ιιι,

318 3750 398 3800 hsda
413 3752 531 3798 honaaon
546 3750 713 3798 thal’alstins.
747 3752 831 3799 ‘Alter
846 3752 902 3800 tibl'
936 3754 1125 3802 whersalaothe
1138 3756 1307 3805 ‘sall-oooker'
1320 3757 1522 3805 herementr'onad

318 3831 410 3873 masna,
430 3815 514 3864 ‘Hera
534 3829 582 3878 you
603 3828 644 3863 ssa
661 3814 705 3864 the
721 3815 791 3865 othar
808 3817 904 3879 coming
936 3817 1097 3866 huraeeired
1108 3819 1139 3866 ita
1151 3819 1197 3868 dus
1208 3821 1409 3869 consideration.”
1438 3823 1521 3870 Klots.

318 3880 406 3928 dorm!
936 3886 977 3917 -⁸
985 3884 1119 3930 enumerari
1127 3883 1142 3929 ι’
1159 3886 1263 3949 perhaps
1279 3886 1299 3933 it
1314 3886 1400 3933 should
1411 3886 1442 3933 ba
1460 3891 1521 3933 ‘nn-

351 3946 391 3993 46.
408 3940 552 4004 ulands]
595 3942 667 3990 Soura
687 3943 761 3990 MSS.
778 3946 839 3993 omit
854 3944 904 3992 this
936 3946 1040 4002 mmari,'
1061 3946 1098 3993 lor
1115 3962 1181 3995 some
1198 3949 1270 3997 MSS.
1285 3950 1345 3997 have
1362 3950 1520 3998 ‘numeram’

317 4009 392 4056 word.
426 4010 451 4057 lt
466 4009 487 4056 is
498 4008 557 4056 hard
568 4012 595 4055 ιο
605 4022 648 4069 say
657 4007 764 4055 whether
774 4008 795 4055 it
804 4009 826 4056 is
836 4024 904 4057 mora
936 4008 987 4057 But
1002 4010 1045 4056 tho
1056 4011 1132 4059 whole
1144 4028 1244 4075 passage
1258 4015 1279 4061 is
1293 4014 1412 4063 donblfirl.
1447 4016 1521 4063 Klots

318 4072 391 4135 likely
407 4078 434 4121 ιο
453 4073 484 4120 ha
502 4072 613 4133 mnino,
630 4086 659 4119 or
675 4086 707 4119 an
724 4072 902 4133 intepouuon.
936 4072 979 4120 has
997 4078 1191 4135 ‘praetereuntes
1201 4079 1264 4140 qnod
1276 4094 1362 4140 praeco
1374 4082 1523 4127 enumeraret

319 4138 418 4185 ‘Animi
425 4137 519 4184 cauam’
531 4137 552 4182 is
563 4136 903 4197 aoommonllomancxprca-
935 4138 1080 4195 audiabantl
1096 4140 1174 4188 which
1188 4157 1265 4189 seems
1279 4146 1305 4190 ιο
1323 4143 1354 4189 ba
1373 4143 1474 4205 patched
1488 4158 1522 4205 ap

319 4202 372 4248 aion
389 4201 496 4261 (cm
514 4200 545 4247 B.
564 4200 595 4248 G.
612 4215 636 4247 r.
658 4202 695 4257 1³,
718 4200 766 4247 and
784 4200 904 4265 Plantas),
937 4200 1049 4250 fromlho
1060 4204 1132 4253 MSS.
1167 4206 1223 4253 Itis
1235 4207 1314 4263 latin,
1326 4206 1371 4255 bnt
1382 4208 1479 4255 therela
1490 4222 1522 4253 no

318 4264 364 4311 but
374 4265 395 4311 it
403 4266 426 4311 is
435 4263 556 4325 elliptioal.
937 4280 1006 4314 sense
1022 4268 1048 4314 in
1063 4268 1096 4325 is;
1114 4268 1161 4316 and
1177 4270 1231 4318 that
1247 4272 1267 4318 is
1284 4286 1351 4318 soma
1364 4271 1485 4333 objection
1496 4276 1522 4318 to

351 4328 481 4390 authepsa]
504 4326 904 4375 ThisGraekrvordmesns‘sall·
937 4330 964 4377 lt.
998 4330 1181 4393 A‘praeco'ls
1198 4335 1523 4383 notsaid‘annmerara.’-

318 4390 422 4447 aookar,'
440 4406 468 4437 or
488 4391 625 4452 something
642 4392 671 4439 of
689 4391 732 4439 tho
751 4392 819 4440 kind.
851 4392 905 4440 'l'ha
938 4396 1096 4455 ‘stragmaar'
1114 4412 1154 4446 sea
1167 4398 1218 4445 Vol
1232 4400 1253 4445 1.
1265 4398 1322 4447 Ver.
1332 4400 1357 4447 ii.
1375 4402 1398 4448 2.
1416 4414 1437 4448 c.
1451 4402 1523 4447 1⁴.-

319 4454 491 4501 ⁴self-oookar'
512 4468 588 4502 seems
610 4459 636 4502 ιο
658 4454 719 4502 hsva
737 4455 799 4503 boen
821 4456 904 4505 alsoa
937 4460 1082 4507 ‘mutellae'
1100 4463 1347 4511 maans‘srts'asin
1358 4464 1415 4512 Ver.
1425 4466 1451 4513 ii.
1464 4466 1521 4512 dc.

318 4517 384 4567 work
394 4518 424 4566 ol
430 4522 475 4576 art,
486 4518 513 4566 ln
528 4518 607 4566 which
622 4518 721 4568 tharsis
735 4520 839 4583 naming
850 4536 903 4569 sur·
936 4524 1016 4572 hle-⁶
1026 4524 1138 4575 lecticarii
1146 4527 1163 4575 ι’
1180 4526 1238 4576 Ver.
1249 4526 1274 4576 ιι.
1286 4531 1310 4576 t.
1323 4542 1344 4577 o.
1358 4530 1396 4577 ll.
