3517 5325
343 468 383 535 70
653 460 788 526 ORAT.
812 459 906 524 PRO
936 458 1042 525 SEX.
1065 459 1232 526 Roselo

342 634 440 698 filium
455 631 609 697 rusticum
624 653 719 717 quam
734 632 821 695 illum
836 631 973 697 slterum
982 631 1260 696 Chaerestratuml
1274 651 1360 706 nam,
1371 637 1408 695 nt
1422 630 1554 717 opinor,

343 733 405 797 hoc
430 730 557 795 nomine
582 737 655 805 est;
691 730 827 793 alterum
851 729 884 791 in
898 729 976 793 urbe
999 751 1107 793 secum
1131 730 1260 793 honoris
1285 750 1399 793 causes
1418 729 1554 806 habere,

342 830 480 894 alterum
509 850 564 892 rus
589 827 732 913 supplicii
759 848 872 891 caussa
896 826 1077 910 relegasset
1122 826 1206 906 Quid
1232 826 1274 890 ad
1299 825 1382 891 istas
1408 826 1556 911 ineptias

342 930 433 993 ahiel
455 928 587 1013 inquies,
634 928 732 1009 Quasi
747 949 821 991 vero
836 926 914 989 mihi
936 925 1063 989 difficile
1085 926 1129 990 sit
1149 926 1293 1011 quemvis
1313 925 1433 991 multos
1446 926 1554 989 nomi·

343 1027 442 1092 nstim
458 1027 607 1112 proferre,
623 1046 663 1089 ne
677 1026 803 1110 longius
817 1024 941 1099 sbesm,
956 1022 1006 1087 vel
1027 1023 1161 1089 tribules
1182 1024 1232 1087 vel
1246 1023 1366 1088 vicinos
1380 1046 1476 1102 meos,
1493 1024 1553 1109 qui

343 1144 419 1187 suos
432 1124 560 1197 liberos,
576 1144 656 1208 quos
670 1122 794 1207 plurimi
819 1122 953 1198 faciunt,
979 1121 1134 1205 agricolas
1156 1121 1301 1185 assiduos
1316 1144 1387 1185 esse
1401 1122 1552 1206 cupiunt.

345 1219 467 1285 Verum
482 1220 626 1285 homines
640 1229 736 1285 notos
749 1240 873 1283 sumere
888 1216 1032 1282 odiosum
1047 1226 1107 1295 est„
1124 1241 1221 1303 quum
1243 1226 1278 1283 et
1292 1219 1369 1283 illud
1388 1219 1552 1284 incertum

342 1319 396 1395 sit,
411 1318 549 1383 velintne
563 1318 596 1381 hi
611 1340 681 1382 sese
696 1316 871 1391 nominari;
896 1323 931 1379 et
955 1338 1048 1379 nemo
1071 1317 1161 1381 vobis
1185 1317 1288 1401 magis
1309 1326 1407 1381 notus
1420 1317 1553 1379 futurus

342 1417 386 1481 sit
401 1438 495 1502 quam
511 1422 562 1480 est
587 1414 640 1480 hic
667 1415 852 1499 Eutychus:
878 1420 914 1479 et
938 1420 1026 1477 certe
1048 1414 1090 1477 ad
1112 1436 1180 1478 rem
1205 1413 1282 1478 nihil
1296 1414 1424 1478 intersit
1439 1422 1553 1478 utrum

342 1514 426 1579 hunc
456 1536 517 1600 ego
547 1514 702 1577 comicum
731 1512 966 1577 adolescentem
993 1532 1035 1575 an
1063 1510 1200 1596 aliquem
1229 1534 1270 1575 cx
1297 1533 1377 1597 agro
1407 1511 1552 1576 Veiente

342 1612 511 1677 nominem.
557 1610 687 1675 Etenim
702 1610 780 1673 hsec
802 1609 939 1675 confictu
959 1609 1099 1673 arbitror
1119 1632 1139 1673 a
1160 1609 1265 1694 poetis
1285 1631 1357 1674 esse
1371 1617 1410 1675 ut
1423 1610 1552 1675 effictos

343 1716 472 1773 nostros
486 1730 590 1771 mores
605 1708 637 1771 in
662 1707 773 1771 alienis
796 1706 941 1793 personis
964 1728 1210 1793 expressamque
1232 1708 1404 1794 imaginem
1418 1717 1552 1774 nostrae

343 1806 428 1871 vitae
452 1804 655 1889 quotidianae
680 1804 868 1869 videremus.
913 1804 987 1890 Age
1010 1826 1103 1884 nunc,
1128 1805 1213 1869 refer
1240 1805 1388 1885 animum,
1420 1806 1474 1884 sis,
1505 1807 1552 1870 sd

263 1910 266 1915 '
343 1902 521 1977 veritatem,
538 1910 573 1967 et
587 1902 761 1981 considera,
778 1926 842 1967 non
856 1904 952 1967 modo
966 1904 1000 1967 in
1012 1900 1150 1967 Umbria
1163 1910 1261 1988 atque
1276 1904 1309 1969 in
1320 1926 1359 1967 ee
1371 1904 1548 1983 vicinitate,

344 2000 401 2064 sed
430 1999 463 2063 in
491 1999 542 2061 his
570 1998 731 2063 veteribus
758 2000 937 2086 municipiis
964 2022 1045 2085 quae
1081 2000 1187 2064 studia
1221 2022 1242 2065 e
1269 2001 1552 2085 patribusfamilias

344 2096 481 2160 maxime
507 2095 694 2162 laudentur:
731 2098 799 2181 jem
828 2098 971 2182 prolecto
996 2106 1030 2161 te
1058 2097 1216 2182 intelliges
1244 2097 1352 2183 inopia
1380 2099 1550 2163 criminum

344 2217 499 2259 summam
514 2194 640 2259 laudem
656 2194 730 2259 Sex.
747 2195 863 2259 Roscio
885 2196 964 2261 vitio
987 2203 1023 2261 et
1044 2196 1155 2279 culpae
1170 2196 1307 2261 dedisse.
1352 2196 1475 2261 XVII.
1498 2198 1551 2260 At

344 2315 409 2357 non
424 2293 518 2357 modo
533 2292 593 2357 hoc
618 2300 744 2378 patrum
767 2293 930 2357 voluntate
953 2292 1043 2357 liberi
1068 2292 1213 2365 factunm
1238 2294 1296 2358 sed
1317 2296 1494 2380 permultos
1513 2306 1551 2360 et

344 2415 404 2478 ego
419 2392 500 2471 novi,
518 2398 561 2470 et,
588 2391 723 2455 nisime
748 2391 830 2455 sallit
853 2391 986 2467 animus,
1012 2412 1095 2454 nnus
1118 2391 1253 2477 quisquc
1277 2401 1428 2471 vestrum,
1445 2393 1499 2479 qui
1514 2400 1551 2457 et

344 2490 405 2576 ipsi
419 2489 539 2555 incensi
554 2496 631 2555 sunt
645 2488 751 2553 studio
765 2489 850 2573 quod
866 2488 908 2551 ad
922 2509 1035 2572 agrum
1056 2487 1224 2553 colendum
1245 2491 1372 2568 attinet,
1388 2491 1550 2575 vitemque

344 2588 425 2651 hunc
440 2589 602 2667 rusticam,
619 2608 713 2673 quam
728 2593 764 2650 tu
786 2586 902 2671 probro
925 2593 961 2649 et
986 2585 1110 2649 crimini
1135 2594 1230 2672 putas
1255 2609 1326 2651 esse
1341 2596 1498 2674 oportere,
1515 2596 1550 2652 et

344 2689 600 2754 honestissimam
615 2693 649 2751 et
670 2685 887 2750 suavissimam
901 2706 971 2749 esse
985 2684 1195 2750 arbitrantur.
1241 2687 1325 2768 Quid
1339 2708 1450 2752 censes
1463 2687 1550 2752 hunc

344 2787 448 2873 ipsum
464 2789 539 2872 Seru
552 2785 713 2862 Roscium,
730 2807 793 2870 quo
809 2785 916 2850 studio
931 2791 1044 2869 etqua
1067 2783 1275 2870 intelligentia
1289 2807 1360 2851 esse
1373 2786 1406 2850 iu
1420 2785 1551 2850 rusticis

345 3009 415 3070 good.
441 3007 537 3056 Horace
549 3005 607 3066 (ltp-
619 3005 644 3052 ii.
659 3006 680 3052 1.
691 3002 736 3069 te)
747 3005 791 3052 hss
802 3005 873 3066 given
884 3019 932 3052 one
964 3019 990 3051 ss
1001 3003 1076 3051 ithss
1090 3003 1152 3051 been
1168 3003 1302 3065 suggested.
1335 3004 1386 3052 But
1400 3005 1470 3053 there
1484 3005 1551 3054 isne

344 3070 693 3122 ohmsctsristicolcseeiliuss
965 3069 1038 3116 MSS.
1061 3068 1183 3130 authority
1205 3069 1243 3116 for
1260 3067 1312 3116 ‘sc'
1332 3069 1386 3118 that
1408 3070 1505 3118 Iknorr
1514 3071 1549 3119 of.

965 3131 1023 3181 ‘At’
1035 3133 1056 3180 is
1066 3139 1110 3182 out
1120 3133 1148 3182 of
1155 3133 1223 3194 place
1233 3132 1298 3181 here.

347 3205 363 3230 ‘⁶
370 3201 473 3248 Vincere
505 3198 623 3248 Caecilius
654 3196 779 3259 grsrltate,
805 3195 932 3244 Terentius
1001 3198 1067 3254 Quid
1077 3212 1164 3253 rma,
1185 3197 1242 3259 tie]
1277 3197 1405 3246 Manutius
1422 3213 1478 3260 says
1495 3199 1552 3247 that

478 3262 556 3311 artel’
965 3261 1062 3310 hedoes
1076 3267 1120 3310 not
1139 3262 1244 3324 seevhy
1262 3277 1330 3310 some
1347 3263 1476 3311 ‘homines
1495 3279 1551 3326 prs-

714 3352 718 3361 ·
965 3326 1058 3374 ernditi'
1081 3327 1142 3375 heve
1163 3327 1290 3389 suspected
1305 3342 1336 3374 sn
1358 3341 1424 3376 error
1442 3329 1482 3375 ‘in
1504 3328 1553 3376 hoc

347 3390 425 3438 —‘sd
442 3391 500 3438 istas
516 3389 619 3452 ineptias
637 3387 714 3437 abis?
739 3389 825 3450 ‘Why
842 3388 933 3452 doyou
965 3391 1058 3438 ambitu
1068 3391 1195 3439 verborum
1205 3390 1220 3448 ;¹
1231 3406 1277 3439 nor
1293 3392 1325 3439 do
1341 3391 1362 3438 l.
1397 3391 1423 3439 It
1438 3393 1556 3441 iceneol

347 3454 661 3516 flyofftothistrillingof
675 3453 774 3515 yoursl’
792 3453 934 3502 Emcinsis
966 3455 1318 3505 Cicero’soommonesttnrns
1353 3456 1403 3504 But
1412 3457 1483 3505 those
1497 3457 1553 3506 who

348 3520 469 3581 supposed
480 3525 505 3566 to
517 3533 567 3580 suy-
966 3521 1059 3582 impose
1069 3535 1101 3567 on
1107 3521 1250 3570 themselves
1258 3521 1301 3568 the
1307 3521 1426 3583 profitless
1435 3522 1557 3569 Isbouros

379 3586 485 3632 velintne
501 3585 526 3630 u·
542 3597 593 3630 sese
607 3580 760 3643 nominarir]
797 3581 881 3631 Hence
899 3599 935 3632 tre
967 3585 1068 3646 sltenug
1078 3585 1122 3633 the
1140 3587 1210 3634 order
1228 3586 1257 3633 ol
1273 3585 1346 3634 Latin
1363 3586 1443 3633 words
1461 3587 1499 3634 for
1510 3587 1553 3634 the

348 3663 388 3696 seo
410 3649 465 3709 why
476 3648 507 3694 he
522 3661 576 3708 says
596 3646 709 3693 ‘honoris
720 3661 803 3694 esum
817 3648 933 3697 nomino!
966 3665 1072 3713 purpose
1088 3650 1117 3698 ot
1131 3650 1269 3712 explaining
1288 3650 1361 3698 hun
1379 3652 1552 3707 construction.

347 3712 407 3766 Men
419 3711 488 3760 don’t
499 3712 547 3759 like
563 3716 589 3760 to
609 3711 669 3758 have
686 3710 749 3758 their
765 3726 848 3760 names
859 3714 933 3775 sresly
967 3731 1022 3776 may
1032 3715 1083 3762 ttnd
1095 3715 1231 3776 something
1241 3715 1299 3762 herc
1309 3716 1363 3762 that
1378 3715 1437 3762 does
1448 3722 1493 3763 not
1503 3717 1554 3764 suit

347 3777 407 3826 used
417 3779 443 3825 in
454 3777 543 3840 public,
555 3781 581 3824 at
591 3775 652 3824 lesst
659 3790 714 3824 men
725 3775 753 3824 ol
761 3791 807 3838 any
818 3779 890 3826 merit
901 3779 934 3826 do
966 3779 1029 3827 their
1040 3779 1124 3826 notion
1135 3779 1164 3828 ot
1171 3779 1213 3826 the
1224 3779 1297 3826 latin
1307 3780 1457 3840 tangusgqs
1468 3781 1554 3828 uotiou

347 3848 399 3890 not.
433 3841 601 3904 Accordingly,
623 3840 693 3888 when
711 3839 795 3889 Cicero
812 3844 934 3892 mentions
966 3843 1072 3891 founded
1091 3858 1124 3890 on
1145 3843 1209 3890 their
1225 3859 1279 3891 own
1298 3844 1416 3906 lsngrrsge
1434 3845 1552 3903 honera,

347 3907 389 3956 the
410 3923 482 3955 usme
496 3907 525 3954 ol
544 3921 627 3955 aman
641 3905 669 3954 os
685 3906 745 3954 rsnk
756 3922 783 3954 or
802 3908 880 3964 merit,
900 3908 933 3955 hs
964 3908 1020 3964 aud,
1032 3908 1061 3953 ol
1069 3922 1160 3962 course,
1172 3907 1360 3956 slslsenotion.
1396 3909 1421 3956 lt
1432 3910 1553 3957 mesnstn

347 3971 933 4085 estrumentum
965 3971 1556 4086 setestuuttutumn

347 4102 431 4151 Cicero
449 4053 573 4162 (DepSeu.
592 4117 613 4148 c.
635 4101 673 4162 ll)
694 4101 794 4162 quoting
805 4100 931 4156 Caecilius,
968 4100 1032 4146 whst
1053 4099 1084 4148 do
1106 4115 1154 4162 you
1173 4053 1333 4164 supposeuhis
1354 4103 1487 4151 stesdiness
1503 4104 1553 4150 and

346 4163 693 4280 tttttttttttttt'
706 4165 936 4276 “tillili'll‘
967 4164 1060 4277 “lli
1070 4166 1333 4280 ffillfflm‘l‘?
1345 4167 1495 4280 hl‘he
1507 4232 1542 4280 ι.

689 4255 728 4274 .-
788 4245 794 4274 :
923 4256 934 4268 -
1285 4267 1290 4277 .
1317 4248 1338 4279 rs
1544 4261 1553 4269 -

342 4296 438 4342 rentian
450 4295 520 4348 form.
533 4295 567 4341 ‘si
578 4295 630 4351 vis‚'
643 4293 675 4340 ‘if
683 4307 730 4354 you
741 4293 837 4368 plesse!
966 4294 1019 4352 tin3
1035 4309 1062 4342 ss
1071 4295 1098 4341 in
1110 4295 1212 4354 Horace,
1225 4247 1299 4358 dpffli.
1317 4299 1341 4344 6.
1352 4313 1375 4344 r.
1387 4249 1429 4344 ti)

346 4374 526 4471 hpppqpspzqqsu
535 4357 697 4482 iodh'diedhere
713 4357 933 4485 ismivdthhidtynidi
1030 4423 1116 4475 “Quid
1127 4439 1210 4472 censes
1220 4440 1321 4473 munera
1330 4427 1424 4474 terrae?
1441 4428 1486 4474 dic.

349 4487 376 4534 it.
965 4487 1022 4541 Quo
1032 4489 1164 4551 spectanda
1180 4489 1261 4548 modo,
1280 4505 1329 4554 quo
1346 4505 1420 4540 sensu
1435 4491 1512 4540 medis
1528 4497 1553 4539 ct

383 4553 420 4610 11.
437 4552 473 4600 st
484 4565 532 4599 nos
543 4549 627 4611 modo]
657 4548 713 4598 ‘At'
725 4550 811 4599 should
823 4549 854 4598 be
862 4555 868 4579 ¹
877 4549 931 4609 sc:
1063 4566 1107 4600 ore
1116 4552 1144 4600 ?”
