3517 5325
644 453 823 520 HABITO
847 455 949 522 OAP.
974 461 1112 524 19-21.
1417 462 1482 526 315

273 625 379 690 vellet.
424 623 476 686 De
506 621 674 708 Oppianici
702 625 863 692 sententia
888 649 1076 712 responsum
1103 637 1164 707 est,
1195 628 1281 713 quod
1308 628 1337 692 is
1366 628 1483 695 Habiti

274 721 462 786 familiarem
491 721 626 784 Juniurn
652 744 723 786 esse
751 724 888 804 dicebat,
914 725 996 789 clam
1025 725 1104 790 velle
1131 725 1218 789 ferri.
1263 725 1351 790 Itum
1376 735 1427 791 est
1448 727 1482 791 in

277 819 453 884 consilium.
498 819 656 884 Omnibus
669 822 838 886 sententiis
851 829 979 908 praeter
992 844 1098 902 unam,
1115 845 1211 908 quam
1225 845 1316 888 suam
1332 823 1483 889 Staienus

277 939 348 980 esse
377 917 513 995 dicebat,
547 917 741 982 Scamander
768 919 871 1005 prima
893 919 1020 984 actione
1046 921 1276 984 condemnatus
1297 928 1358 985 est
1404 923 1483 1003 Quis

277 1022 348 1079 tum
376 1021 448 1080 erat
476 1013 616 1078 omnium
645 1015 699 1100 qui
722 1016 917 1081 Scamandro
946 1019 1157 1083 condemnato
1181 1041 1244 1082 non
1264 1019 1419 1103 judicium
1442 1020 1483 1083 de

281 1111 456 1196 Oppianico
485 1112 607 1176 factum
632 1134 702 1177 esse
739 1114 970 1181 arbitraretur!
1005 1116 1083 1200 quid
1117 1124 1169 1180 est
1197 1115 1251 1180 illa
1280 1115 1483 1180 damnatione

276 1209 464 1293 judicatum,
481 1208 541 1272 nisi
556 1231 712 1274 venenum
733 1211 765 1274 id
785 1212 870 1297 quod
889 1211 1012 1277 Habito
1034 1213 1166 1278 rimetur
1187 1235 1258 1277 esse
1281 1213 1484 1298 quaesitumi

282 1306 371 1386 Quae
396 1329 491 1392 porro
519 1307 708 1372 tenuissima
735 1309 873 1394 suspicio
902 1311 1018 1374 collata
1043 1311 1076 1374 in
1100 1310 1331 1374 Scamandrum
1353 1318 1405 1375 est
1426 1319 1484 1375 aut

280 1403 416 1468 conferri
431 1405 546 1489 potuit,
559 1413 597 1468 ut
611 1405 639 1468 is
653 1427 714 1469 sus
726 1413 840 1490 sponte
854 1429 969 1472 necare
978 1407 1113 1472 voluisse
1124 1408 1284 1473 Habitum
1294 1409 1484 1493 putaretur?

323 1500 435 1584 Atque
457 1501 518 1566 hoc
540 1509 610 1564 tum
628 1501 748 1585 judicio
770 1503 867 1580 facto,
883 1512 919 1569 ct
933 1504 1119 1590 Oppianico,
1135 1527 1171 1568 re
1192 1515 1228 1570 et
1248 1505 1484 1569 existimatione

276 1599 354 1682 jam,
375 1598 446 1683 lege
471 1607 506 1662 et
530 1599 789 1684 pronuntiatione
814 1603 955 1666 nondum
975 1602 1197 1678 condemnato,
1215 1610 1324 1667 tamen
1340 1603 1485 1667 Habitus

282 1695 491 1780 Oppianicum
519 1717 609 1760 reum
633 1697 746 1762 statim
774 1719 837 1762 non
866 1698 955 1764 fecit.
1014 1699 1128 1764 Voluit
1156 1720 1349 1782 cognoscere
1376 1707 1484 1762 utrum

277 1793 402 1878 judices
418 1793 451 1856 in
476 1815 532 1858 eos
555 1795 640 1858 solos
662 1802 770 1859 essent
794 1796 904 1874 severi,
935 1818 1015 1882 quos
1042 1819 1198 1863 venenum
1222 1796 1372 1860 babuisse
1396 1796 1485 1880 ipsos

282 1890 519 1974 comperissent,
535 1913 576 1954 an
591 1891 689 1959 etiarn
704 1893 835 1956 consilia
849 1894 1123 1979 conscientiasque
1138 1893 1294 1978 ejusmodi
1307 1892 1485 1957 facinorum

283 1987 437 2072 supplicio
460 1987 573 2074 dignas
592 1989 784 2072 judicarent.
832 1989 948 2076 Itaque
967 1989 1004 2056 O.
1026 1991 1219 2070 Fabricium,
1241 2012 1335 2075 quem
1353 1997 1485 2074 propter

283 2082 528 2150 familiaritatem
547 2085 713 2171 Oppianici
736 2087 899 2152 conscium
921 2088 966 2152 illi
987 2089 1119 2154 facinori
1139 2089 1238 2152 fuisse
1256 2087 1482 2166 arbitrabatur,

283 2203 372 2246 reum
394 2183 502 2248 atatim
526 2183 612 2260 fecit,
629 2185 738 2269 utique
762 2185 791 2249 ei
816 2186 907 2250 locus
932 2186 1052 2270 primus
1074 2187 1326 2250 constitueretur
1353 2193 1486 2270 propter

284 2301 414 2346 caussae
429 2282 686 2366 conjunctionem
701 2281 895 2367 impetravit.
942 2281 1007 2346 Hic
1026 2290 1096 2347 tum
1120 2283 1287 2346 Fabricius
1304 2303 1369 2344 non
1389 2282 1484 2346 modo

283 2377 324 2440 ad
338 2400 389 2442 me
403 2401 491 2442 meos
505 2379 625 2442 vicinos
639 2386 673 2442 et
687 2378 807 2442 amicos
822 2378 1023 2442 Aletrinates
1040 2402 1103 2442 non
1125 2378 1269 2455 adduxit,
1285 2378 1343 2440 sed
1364 2377 1432 2462 ipse
1445 2378 1485 2440 iis

283 2493 385 2556 neque
415 2472 632 2536 defensoribus
660 2471 709 2534 uti
737 2477 852 2554 postea
877 2493 980 2554 neque
1002 2471 1222 2536 laudatoribus
1242 2471 1359 2554 potuit.
1404 2469 1486 2533 Rem

283 2568 368 2632 enim
394 2569 551 2650 integram
570 2567 705 2630 hominis
727 2589 791 2629 non
810 2567 903 2630 alieni
926 2567 1069 2650 quamvis
1089 2567 1295 2650 suspiciosam
1316 2565 1484 2631 defendere

284 2664 492 2728 humanitatis
513 2686 583 2728 esse
605 2666 817 2749 putabamus;
838 2663 1019 2747 judicatam
1040 2664 1232 2727 labefactare
1254 2665 1363 2728 conari
1385 2665 1484 2749 impu-

285 2760 421 2825 dentiae.
468 2760 582 2845 ltaque
606 2768 674 2827 turn
694 2762 745 2825 ille
764 2761 871 2847 inopia
894 2769 928 2827 et
946 2761 1140 2825 necessitate
1164 2768 1297 2827 coactus
1319 2762 1351 2827 in
1373 2785 1486 2853 caussa

285 2857 440 2943 ejusmodi
455 2858 496 2921 ad
513 2858 663 2943 Oepasios
678 2858 793 2923 fratres
807 2858 958 2945 confugit,
976 2859 1118 2922 homines
1140 2858 1314 2923 industrios
1335 2867 1431 2945 atque
1446 2884 1485 2924 eo

285 2956 390 3021 animo
406 2962 452 3031 ut,
468 2978 683 3043 quaecumque
698 2958 821 3022 dicendi
836 2954 982 3043 potestas
997 2964 1084 3021 esset
1103 2957 1193 3036 data,
1207 2957 1240 3021 in
1254 2957 1374 3022 bonore
1388 2966 1486 3043 atque

285 3054 317 3117 in
333 3053 484 3119 beneficio
499 3062 662 3141 ponerent.
709 3054 815 3120 XXI.
839 3054 917 3119 Jam
942 3054 1003 3118 hoc
1023 3075 1122 3140 prope
1143 3053 1338 3141 iniquissime
1361 3078 1486 3142 compa·

320 3304 430 3365 eilocur]
445 3301 754 3365 ‘sjwlocns‚'l?.‚l(lots;
771 3300 868 3351 bnt‘ei'
901 3301 945 3350 the
964 3302 1034 3364 irony
1055 3301 1084 3349 of
1107 3300 1286 3364 ‘iniquissime’
1308 3301 1341 3363 by
1362 3301 1404 3349 the
1420 3302 1486 3350 word

286 3382 387 3429 appears
399 3369 665 3417 tebsrrhstthesense
676 3368 790 3430 requires.
825 3368 869 3415 Fa-
903 3367 1016 3429 ‘proper'
1033 3367 1054 3415 it
1067 3367 1089 3413 'aa
1104 3375 1150 3414 not
1164 3366 1485 3428 absolutsly‘mostincon·

287 3431 385 3490 bricius,
398 3432 869 3495 asthe‘patronus’ofScamander‚rrss
902 3434 996 3489 sistent,
1025 3436 1090 3480 most
1122 3430 1313 3488 unreasonable,’
1342 3430 1388 3479 but
1415 3432 1436 3479 it
1462 3433 1485 3480 is

287 3510 354 3544 more
376 3498 464 3560 closely
481 3498 612 3547 connected
627 3497 685 3545 with
700 3498 742 3545 the
756 3504 796 3546 act
811 3498 870 3545 than
904 3497 1001 3558 ‘nsady
1012 3495 1056 3545 so!
1090 3496 1117 3544 lf
1125 3496 1156 3544 he
1172 3496 1220 3543 had
1235 3496 1286 3543 aaid
1297 3511 1329 3543 no
1346 3512 1420 3553 more,
1435 3497 1486 3545 still

288 3560 444 3621 Oppianicus,
466 3562 547 3611 whose
568 3563 620 3624 plot
641 3562 763 3609 mmsinsd
789 3566 815 3608 ιο
840 3561 871 3609 bs
903 3576 939 3609 we
949 3561 1277 3610 couldnotdoubtabonthis
1285 3562 1404 3622 meaning.
1439 3562 1486 3609 We

288 3624 625 3685 proved-‘laudatoribusr'
643 3626 749 3673 seeVol.
763 3625 784 3673 1.
799 3625 868 3673 Verr.
902 3626 990 3674 should
1011 3626 1127 3675 conclude
1154 3626 1209 3673 that
1235 3625 1266 3671 he
1293 3640 1341 3673 was
1369 3625 1485 3687 spmhing

288 3688 435 3737 iteam.
902 3690 1033 3752 irorrically.
1067 3690 1117 3737 But
1132 3690 1175 3737 the
1190 3690 1298 3737 addition
1313 3689 1373 3735 ‘nisi
1390 3690 1484 3736 forte-

322 3754 361 3799 al.
378 3752 492 3800 lerator
505 3752 595 3815 prope]
614 3752 668 3801 'ras
682 3753 781 3814 reading
797 3753 825 3801 uf
842 3754 867 3801 S.
901 3760 1021 3815 praestare
1042 3753 1148 3811 demna’
1165 3754 1240 3801 clears
1262 3768 1295 3814 up
1312 3753 1345 3799 all
1363 3752 1488 3807 doubt,if

289 3814 318 3862 T.
332 3814 358 3861 1².
371 3815 407 3863 M.
442 3816 539 3863 Classen
561 3816 610 3864 and
632 3816 712 3864 Baiter
732 3817 792 3865 have
813 3832 868 3878 pro·
901 3818 969 3865 there
987 3832 1035 3865 was
1051 3832 1114 3878 any;
1130 3817 1178 3863 aud
1195 3816 1287 3863 besides
1303 3816 1364 3872 that,
1382 3816 1402 3861 it
1419 3830 1485 3863 com·
1559 3851 1565 3859 .

289 3879 358 3941 perly
369 3880 459 3939 eiected
477 3880 602 3942 ‘quoque’
615 3881 692 3927 which
703 3881 729 3927 in
740 3895 807 3929 some
821 3881 870 3928 edi·
903 3882 981 3942 platea
999 3882 1037 3929 bis
1049 3881 1131 3929 sttacls
1144 3895 1177 3927 on
1193 3880 1236 3927 the
1253 3879 1363 3927 brothers
1378 3879 1483 3939 Oepasii,

288 3944 353 3993 tions
371 3944 490 4004 isplsoed
504 3944 566 3991 efter
582 3944 645 3991 ‘boc
653 3944 669 4001 ς’
686 3945 722 3991 for
738 3944 781 3993 the
791 3950 871 3993 orator
904 3945 957 3992 who
976 3960 1038 3991 were
1059 3944 1131 4004 ready
1150 3949 1176 3989 to
1194 3943 1327 3990 undertalse
1343 3958 1389 4003 any
1404 3943 1484 4004 thing.

289 4008 310 4057 is
333 4012 376 4055 not
398 4007 486 4068 adding
503 4008 638 4069 something
657 4014 682 4057 ιο
702 4010 767 4057 what
781 4008 811 4055 hs
828 4008 871 4055 has
905 4008 985 4056 When
995 4008 1027 4055 he
1037 4022 1091 4069 says
1102 4014 1109 4035 ‘
1119 4008 1165 4054 nisi
1175 4006 1254 4061 forte,’
1265 4006 1308 4053 the
1318 4012 1399 4053 orator
1413 4008 1484 4067 again

289 4072 340 4120 said
352 4073 392 4119 ‘in
399 4072 506 4128 honore,'
517 4076 559 4119 &a
569 4090 575 4127 ς
593 4071 637 4119 but
647 4072 678 4118 hs
689 4072 710 4119 is
721 4072 872 4133 introducing
904 4087 959 4119 uses
969 4072 1008 4119 his
1017 4080 1056 4119 art
1065 4072 1113 4119 aud
1123 4070 1203 4118 shows
1213 4071 1251 4117 his
1260 4071 1315 4117 lore
1322 4072 1350 4117 of
1356 4072 1426 4133 irony
1436 4072 1484 4121 and

290 4137 425 4197 something
436 4151 495 4193 near,
509 4140 514 4162 ⁴
522 4137 572 4197 jam
583 4134 729 4197 bocprope.'
765 4136 804 4183 lle
814 4137 835 4183 is
846 4137 874 4184 of
904 4151 1016 4191 mcum,
1027 4152 1053 4183 as
1064 4135 1085 4181 if
1093 4150 1163 4196 every
1170 4134 1234 4196 body
1244 4134 1284 4181 did
1296 4140 1340 4182 not
1353 4136 1485 4183 knowthst

289 4216 374 4250 course
384 4201 499 4263 speaking
510 4200 640 4260 ironically‚
653 4200 723 4247 when
733 4200 764 4247 he
775 4201 795 4247 is
806 4215 871 4247 oom-
903 4200 946 4247 the
962 4200 1067 4247 (locis
1085 4200 1195 4246 business
1213 4200 1234 4246 is
1252 4200 1309 4260 only
1326 4204 1352 4247 to
1368 4199 1423 4247 besl
1441 4200 1486 4249 ths

289 4267 375 4329 psring
397 4267 439 4313 the
457 4280 511 4313 case
529 4264 558 4313 of
574 4280 589 4313 a
607 4264 658 4311 sich
675 4280 730 4311 man
750 4264 798 4311 and
815 4264 872 4312 ofa
904 4265 962 4319 sich,
973 4264 1076 4311 without
1091 4262 1165 4324 doing
1175 4264 1243 4310 barm
1253 4269 1280 4311 to
1294 4280 1341 4326 any
1352 4263 1415 4325 body
1425 4264 1484 4320 else,

262 4372 266 4377 .
289 4331 412 4389 crimina13
429 4330 499 4378 when
510 4330 542 4377 he
558 4343 612 4391 says
628 4328 690 4383 that.
707 4328 733 4375 in
747 4328 789 4375 the
799 4336 872 4377 norst
904 4329 974 4376 while
990 4328 1032 4377 tha
1044 4326 1179 4376 advocue’s
1195 4328 1305 4376 business
1319 4330 1340 4376 is
1354 4333 1381 4375 to
1395 4328 1485 4377 defend

449 4457 874 4509 ,a
905 4392 1485 4519 ,aum

319 4476 334 4509 c
354 4476 416 4512 wora

291 4532 364 4573 norst
385 4526 506 4573 advocata
552 4523 592 4571 lle
613 4472 874 4585 aomswhstpqullifies
906 4521 1143 4585 mannhoiereally
1158 4522 1235 4585 guilty
1249 4522 1278 4570 of
1290 4538 1306 4571 a
1320 4523 1402 4571 mima
1434 4523 1485 4573 Ace
