3517 5325
311 388 353 454 72
627 382 762 448 ORAT.
787 381 878 447 PRO
903 380 1009 447 SEX.
1031 378 1199 447 ROSGIO

313 553 473 639 Numquid
487 559 538 618 est
551 552 657 618 oliudl
684 553 786 617 Immo
801 574 886 629 vero,
901 551 1014 637 inquit,
1030 558 1101 628 eat;
1125 574 1201 615 narn
1214 551 1314 617 istum
1325 552 1530 618 exheredare

311 654 344 717 in
366 652 471 716 animo
494 652 643 716 habebat.
688 650 818 715 Audio:
842 670 927 714 nunc
951 649 1031 714 dicis
1053 649 1172 735 aliquid
1197 651 1283 735 quod
1305 650 1434 715 adrem
1449 673 1528 735 per-

312 750 435 823 tineat;
459 771 534 813 nam
549 748 609 825 illa,
626 748 744 833 opinor,
761 755 798 811 tu
814 769 939 833 quoque
954 747 1103 812 concedis
1113 747 1273 811 leviaesee
1287 756 1385 833 atque
1399 749 1526 832 inepta.
1549 820 1556 829 Ι

314 846 463 911 Convivia
477 868 550 909 cum
564 854 655 931 patre
670 867 734 909 uon
748 845 860 910 inibat.
907 844 1030 929 Quippe
1050 844 1103 930 qui
1118 867 1158 907 ne
1173 844 1206 907 in
1220 845 1370 930 oppidum
1391 845 1526 930 quidem

312 946 373 1009 nisi
387 966 517 1031 perraro
532 944 663 1008 veniret.
709 944 849 1007 Domum
864 964 955 1007 suam
969 942 1068 1007 istum
1083 964 1148 1005 non
1161 942 1228 1006 iere
1243 943 1410 1027 quisquam
1425 964 1524 1008 voca·

313 1044 380 1107 bat.
435 1041 504 1105 Nec
528 1041 642 1105 mirum
666 1040 720 1125 qui
745 1062 848 1125 neque
874 1040 908 1103 in
926 1038 1018 1103 Urbe
1040 1040 1161 1103 viveret
1184 1061 1287 1125 neque
1312 1048 1525 1105 revocaturus

313 1146 408 1205 eeeet.
469 1138 572 1203 XIX.
608 1138 731 1203 Verum
760 1140 839 1203 haec
865 1160 991 1224 quoque
1012 1145 1051 1201 tu
1072 1136 1221 1223 intelligis
1243 1160 1314 1202 esse
1337 1140 1523 1223 nugatoria.

315 1236 398 1301 lllud
413 1238 498 1323 quod
512 1237 675 1324 coepimus
691 1237 862 1315 videamua
880 1258 943 1322 quo
954 1236 1524 1321 certiusargumentumodiireperiri

312 1336 398 1399 nullo
423 1336 518 1400 modo
543 1344 663 1423 potest.
708 1335 913 1400 Exheredare
941 1341 1036 1419 pater
1057 1333 1157 1396 filium
1185 1333 1360 1418 cogitabat.
1414 1332 1523 1398 Mitto

314 1456 465 1519 quaerere
480 1457 544 1520 qua
558 1436 598 1499 de
612 1455 743 1499 caussa:
768 1454 885 1519 quaero
897 1432 950 1518 qui
965 1432 1070 1497 aciae:
1094 1431 1225 1496 tametsi
1238 1438 1273 1495 te
1295 1431 1401 1495 dicere
1418 1438 1522 1516 atque

314 1555 498 1597 enumerare
517 1554 648 1597 caussas
671 1553 782 1596 omnes
810 1532 1002 1617 oportebat3
1026 1537 1062 1595 et
1076 1530 1109 1593 id
1128 1536 1199 1595 erat
1224 1530 1305 1595 certi
1318 1530 1522 1595 accusatoris

315 1630 452 1694 officium
464 1630 517 1715 qui
533 1629 616 1693 tanti
628 1629 756 1694 sceleris
769 1638 929 1715 argueret,
946 1629 1105 1715 explicare
1120 1628 1227 1693 omnia
1236 1628 1313 1691 vitia
1326 1635 1425 1712 atque
1442 1650 1522 1713 pec·

316 1733 390 1791 oeta
412 1726 477 1803 filii,
510 1725 622 1810 quihus
647 1726 794 1792 incensus
816 1750 932 1813 parone
965 1726 1108 1812 potuerit
1137 1727 1279 1791 animum
1307 1727 1456 1791 inducere
1481 1735 1521 1791 ut

314 1831 463 1888 naturam
477 1824 578 1909 ipsam
603 1824 753 1905 vinceret,
770 1833 807 1891 ut
830 1848 972 1891 amorem
993 1825 1081 1888 illum
1095 1825 1222 1909 penitus
1238 1826 1370 1890 insitum
1388 1826 1521 1910 ejiceret

316 1921 490 1999 exanimo,
511 1920 703 2008 utdenique
728 1928 852 2009 patrem
878 1945 950 1987 esee
972 1944 1043 1987 eeee
1065 1922 1319 1987 oblivisceretur:
1344 1945 1426 2009 quae
1448 1923 1520 1987 sine

316 2018 440 2104 magnis
455 2019 586 2104 hujusce
611 2020 752 2105 peccatis
776 2022 922 2085 accidere
945 2020 1090 2106 potuisse
1114 2042 1179 2084 non
1202 2020 1349 2085 arbitror.
1395 2019 1519 2084 Verum

315 2117 455 2181 concedo
464 2116 523 2181 tibi
538 2124 575 2182 ut
588 2139 627 2181 ea
641 2125 833 2203 praetereas,
850 2140 932 2204 quoe
947 2140 1045 2204 quum
1059 2125 1150 2183 taces
1171 2117 1258 2181 nulla
1271 2139 1341 2183 ease
1357 2116 1518 2182 concedis.

318 2213 410 2278 Illum
425 2214 552 2300 quidem
575 2214 711 2280 voluisse
736 2216 931 2280 exheredare
954 2226 1043 2280 certe
1068 2222 1105 2281 tu
1128 2216 1257 2300 planum
1279 2216 1383 2280 iacere
1408 2216 1519 2281 debeo.

317 2310 401 2393 Quid
426 2331 502 2399 ergo
527 2312 622 2376 affers
647 2334 744 2399 quare
770 2314 803 2378 id
826 2315 947 2378 lactum
969 2314 1141 2399 putemus?
1202 2311 1290 2377 Vere
1322 2313 1400 2377 nihil
1424 2320 1519 2399 potes

315 2410 431 2475 dicere.
477 2410 580 2495 Finge
605 2410 722 2497 aliquid
747 2411 861 2477 saltem
888 2411 1063 2488 commode,
1090 2419 1128 2475 ut
1151 2432 1192 2475 ne
1215 2410 1309 2495 plane
1326 2411 1463 2475 videaris
1483 2411 1519 2474 id

315 2509 418 2573 iacere
433 2509 517 2594 quod
532 2516 642 2594 aperte
665 2509 754 2587 socio,
780 2509 876 2593 hujus
902 2508 1010 2572 miseri
1033 2508 1171 2573 fortunia
1194 2516 1230 2573 et
1255 2508 1368 2572 horum
1379 2508 1519 2573 virorum

315 2606 428 2672 talium
453 2606 602 2692 dignitati
625 2606 765 2672 illudere.
821 2606 1027 2672 Exheredare
1052 2606 1154 2672 filiurn
1178 2606 1287 2672 voluit.
1341 2607 1446 2689 Quam
1475 2606 1519 2671 ob

316 2706 482 2770 cauasoml
512 2705 638 2770 Nescio.
684 2704 963 2770 Exheredavitnel
1007 2704 1092 2768 Non
1137 2704 1216 2786 Quia
1230 2704 1412 2790 prohibuit?
1456 2704 1520 2769 Oo-

315 2803 451 2888 gitebet.
497 2801 688 2888 Oogitabat:
714 2803 766 2868 oui
789 2802 893 2868 dixitl
936 2801 1074 2870 Nemini.
1121 2801 1206 2884 Quid
1227 2810 1279 2867 est
1300 2802 1385 2866 aliud
1395 2801 1518 2886 judicio

349 3000 510 3062 exheredare]
545 2999 569 3048 A
586 3000 680 3048 Roman
698 2999 746 3048 had
763 2999 808 3047 full
825 3003 900 3048 tecta-
932 2999 1003 3048 other
1012 3000 1199 3062 readingem
1214 3004 1241 3048 to
1257 2999 1288 3048 be
1306 3003 1519 3062 ‘nequerurevo-

315 3070 425 3127 mentary
435 3079 516 3126 power
526 3079 583 3112 over
599 3065 636 3112 hie
652 3069 774 3126 property,
785 3063 830 3111 but
840 3064 861 3110 is
869 3064 901 3110 he
933 3065 1046 3122 caturue,’
1053 3065 1101 3112 and
1108 3065 1211 3127 perhaps
1223 3069 1278 3112 ‘rua
1285 3063 1430 3121 vocaturua,'
1439 3065 1519 3112 which

316 3130 405 3178 wished
416 3133 497 3176 notto
516 3129 569 3189 give
586 3143 634 3189 any
651 3128 678 3176 ol
692 3129 712 3175 it
722 3133 749 3176 to
760 3143 774 3174 a
785 3128 857 3184 child,
869 3127 901 3175 he
933 3143 1009 3176 reema
1019 3136 1046 3177 to
1056 3145 1127 3177 mean
1137 3135 1231 3192 ‘neque
1240 3144 1335 3176 rursum
1346 3129 1518 3186 revocaturus:

316 3198 382 3242 munt
398 3192 492 3240 declaro
510 3193 548 3240 hia
565 3193 627 3250 will3
644 3193 676 3240 he
692 3197 757 3240 muat
774 3192 901 3240 diaiuherit
932 3208 960 3241 or
971 3193 1308 3256 ‘nequemrauavocaturua'
1342 3194 1369 3241 li
1380 3195 1519 3242 thetertia

316 3255 377 3314 illm,
399 3271 425 3304 aa
441 3269 477 3302 ree
500 3271 549 3317 aoy,
572 3256 604 3318 by
625 3271 704 3304 name.
749 3261 764 3284 “
775 3257 839 3304 item
858 3257 900 3320 qui
933 3263 976 3305 not
987 3258 1091 3306 Cicero’a
1108 3273 1163 3306 own
1179 3259 1324 3321 expression,
1340 3258 1391 3305 itia
1402 3259 1519 3321 certainly

316 3323 393 3369 filium
412 3321 437 3368 in
454 3324 574 3382 potestate
589 3319 671 3378 habet,
690 3335 772 3368 cruere
790 3320 862 3368 debet
873 3325 901 3368 ut
934 3321 1014 3378 latin,
1025 3338 1052 3370 aa
1063 3323 1178 3372 Graevius
1189 3323 1267 3370 shows
1279 3322 1311 3385 hy
1322 3324 1424 3386 quoting
1440 3323 1518 3371 Phae-

317 3401 372 3433 eum
394 3385 433 3433 vel
450 3385 562 3432 heredem
577 3385 688 3433 instituat
705 3386 743 3433 vel
760 3385 901 3434 nominatim
933 3387 991 3434 drua
1002 3387 1029 3450 (i.
1041 3387 1094 3452 25),
1104 3387 1153 3435 aud
1163 3387 1269 3445 Martial,
1280 3387 1328 3450 Ep.
1338 3389 1373 3435 iii.
1384 3389 1434 3443 27:

317 3449 458 3498 exheredetr
473 3449 579 3510 alioquin
591 3449 611 3496 ni
622 3463 677 3496 eum
689 3449 784 3497 silentio
795 3455 900 3512 praeter-

316 3515 379 3570 ierit,
396 3513 513 3562 inutiliter
528 3513 682 3562 erubiturss'
731 3513 817 3577 (Gaioa
835 3515 860 3563 ii.
885 3519 899 3575 ς
931 3515 1088 3580 “Nunquam
1099 3531 1139 3563 me
1155 3516 1519 3579 revocae‚veuiaequumarepe

319 3580 384 3642 123.)
419 3578 445 3626 ll
452 3577 495 3626 the
504 3577 583 3626 father
593 3579 680 3640 simply
686 3579 787 3626 omitted
795 3585 821 3627 to
832 3595 900 3628 men·
1029 3585 1144 3628 vocatus:

316 3644 368 3692 tion
395 3643 437 3691 the
464 3643 536 3700 child,
561 3643 687 3705 intending
712 3647 739 3691 to
765 3643 819 3705 give
845 3645 897 3693 him
994 3644 1516 3708 lgnoaco,uullumaimodo‚Galle,vocea.”

316 3708 426 3770 nothing,
437 3708 480 3756 the
491 3707 671 3756 willwervoid.
705 3709 764 3756 Thia
779 3711 897 3759 viserule
1033 3705 1039 3715 '

315 3775 344 3822 oi
351 3775 396 3822 law
407 3773 450 3821 luae
461 3779 505 3822 not
515 3772 577 3821 been
593 3773 697 3835 adopted
713 3774 745 3838 by
755 3789 793 3832 ua,
804 3775 898 3836 though
964 3775 1003 3824 19.
1014 3775 1076 3822 eerli
1084 3773 1248 3835 aemulor-ie]
1264 3773 1391 3821 Hotmann
1399 3787 1517 3836 auppoaee

315 3855 351 3888 re
362 3839 422 3886 have
440 3839 514 3887 taken
532 3853 560 3887 eo
575 3838 646 3886 much
663 3838 726 3887 hom
744 3839 787 3888 the
802 3839 898 3887 Roman
929 3838 1042 3885 thatthia
1052 3853 1135 3886 meane
1150 3853 1182 3886 an
1198 3844 1329 3893 accuratu,
1340 3838 1395 3885 who
1409 3839 1447 3886 ia‘
1459 3838 1516 3886 doc·

315 3905 368 3961 law,
379 3904 426 3951 and
438 3904 590 3966 particularly
599 3903 662 3952 from
672 3903 897 3952 thelawolTeata-
929 3907 970 3949 tus
986 3907 1011 3949 et
1028 3903 1187 3950 exercitam'
1221 3903 1272 3951 But
1291 3903 1408 3951 Graevius
1418 3902 1462 3949 lraa
1473 3917 1517 3950 ex-

315 3975 402 4017 menta.
436 3969 481 4016 lia
499 3968 577 4017 father
587 3969 612 4016 in
623 3968 735 4030 England
743 3969 808 4030 gives
818 3968 851 4014 all
862 3967 895 4029 by
927 3966 1136 4028 plaineditright.
1154 3967 1517 4028 ltia‘hdedignmuimeri-

315 4033 353 4082 hia
371 4033 419 4081 will
429 4039 480 4081 toa
496 4037 611 4095 atranger,
628 4033 676 4080 aod
691 4048 763 4081 never
774 4033 895 4080 mentione
927 4036 954 4077 to
965 4029 1063 4077 credat?
1091 4033 1137 4080 See
1148 4031 1195 4079 Pro
1207 4032 1234 4079 1².
1247 4032 1356 4088 Quintio,
1367 4047 1389 4079 c.
1401 4034 1425 4088 d,
1438 4035 1455 4060 “
1462 4047 1516 4080 cer.

314 4098 352 4146 hia
374 4098 489 4154 children,
511 4098 578 4146 there
599 4098 620 4144 ia
639 4097 739 4158 nothing
760 4096 798 4143 for
818 4096 895 4143 them.
927 4095 1170 4157 turpaterlamiliae.''
1203 4096 1264 4143 Thia
1281 4096 1441 4144 reordiaalao
1453 4097 1517 4145 used

313 4161 459 4210 —¹audio:'
476 4162 698 4211 coevo-ndito.
711 4164 750 4218 27.
928 4159 966 4207 ior
987 4159 1109 4218 ‘certainf'
1134 4161 1160 4208 in
1181 4161 1224 4208 the
1242 4176 1312 4209 mnae
1332 4160 1361 4208 oi
1380 4162 1516 4219 ‘definite;'

346 4241 422 4288 neque
448 4226 619 4288 revocatum]
665 4225 723 4273 Thia
750 4223 849 4286 reading
869 4224 900 4284 ia,
932 4223 1001 4271 butI
1023 4239 1062 4272 am
1083 4240 1138 4273 noe
1158 4225 1263 4272 inclined
1284 4233 1311 4273 to
1333 4226 1405 4274 think
1423 4227 1477 4274 that
1495 4227 1516 4274 it

314 4291 425 4353 perhaps,
451 4295 494 4338 not
513 4292 580 4354 quite
601 4290 699 4339 omtain.
733 4289 823 4338 Gruter
844 4303 899 4352 aa„
931 4295 1031 4337 meana‘
1047 4290 1211 4351 unetvorthy'
1230 4290 1460 4354 inthepaaeageof
1473 4291 1515 4338 the

313 4355 367 4402 that
388 4355 419 4403 ho
439 4357 537 4403 reacued
556 4357 576 4403 it
599 4354 720 4403 ‘010rci
737 4353 864 4411 canoellia,'
882 4370 897 4401 a
928 4354 1031 4401 Verrine
1047 4355 1161 4402 oratione.
1195 4353 1262 4418 (Vol.
1281 4355 1471 4404 1.Verr.ii.e.
1491 4369 1513 4402 c.

313 4423 410 4483 change
420 4420 585 4482 placetofind
596 4421 617 4466 it
626 4418 762 4475 in3endhe
772 4419 831 4466 adde
841 4419 897 4466 that
928 4421 968 4468 ao.
1014 4418 1133 4480 Compare
1149 4419 1243 4483 σαφὴς,
1262 4420 1391 4468 Οοιί.οιιί.
1410 4435 1433 4466 v.
1447 4421 1513 4477 6223

312 4481 818 4545 itiaconhrmedlvyallthe‘PalL’MSS.
843 4483 897 4531 The
986 4483 1486 4544 afflolthiaoration,‘teatiaiaeerlua.'
