3517 5325
296 460 339 524 90
612 455 746 523 ORAT.
771 456 861 522 PRO
890 455 993 521 SEX.
1017 453 1181 521 ROSCIO

296 651 393 718 quum
407 649 489 716 quae
502 628 611 695 facitis
625 628 780 716 ejusmodi
800 629 866 694 sint
889 634 926 692 ut
940 650 979 692 ea
993 626 1102 692 dedita
1128 647 1226 711 opera
1247 645 1268 690 a
1282 625 1373 692 vobis
1388 637 1501 696 contra

296 727 505 812 vosmetipsos
526 728 630 792 facere
656 727 842 792 videamini?
886 727 959 811 Age
982 747 1075 804 nunc,
1100 723 1153 790 illa
1176 723 1348 801 videamus,
1361 727 1499 811 judices,

296 848 378 912 quae
392 826 503 890 statim
525 834 696 891 consecuta
710 832 795 891 sunt.
841 819 896 888 Ad
924 823 1114 889 Volaterras
1139 822 1173 886 in
1196 837 1303 888 castra
1328 823 1366 888 L.
1394 825 1500 890 Sullae

295 947 382 992 mors
398 926 472 988 Sex.
489 924 598 989 Roscii
612 926 783 1010 quatriduo
794 923 896 1010 quois
911 923 1035 988 occisus
1044 933 1095 987 est
1106 922 1313 1008 Chrysogono
1322 924 1498 990 nuntiatur.

296 1023 497 1088 XXXVII.
521 1023 692 1103 Quaeritur
707 1024 804 1088 etiam
818 1045 902 1087 nuno
913 1022 984 1109 quis
998 1044 1069 1086 eum
1085 1021 1231 1085 nuntium
1247 1021 1388 1086 miserit?
1410 1023 1441 1085 N
1443 1045 1499 1086 on-

295 1145 335 1188 ne
349 1122 548 1208 perspicuum
562 1129 614 1186 est
628 1123 775 1186 eumdem
788 1121 843 1207 qni
865 1120 1053 1184 Ameriam?
1098 1118 1197 1184 Curat
1221 1117 1446 1204 Chrysogonus
1461 1127 1500 1185 ut

294 1223 364 1307 ejus
379 1222 463 1285 bona
476 1229 612 1284 veneant
634 1219 762 1295 statim3
788 1218 841 1304 qui
864 1240 927 1282 non
954 1227 1050 1282 norat
1074 1216 1235 1281 hominem
1254 1224 1404 1282 sutram.
1449 1219 1499 1284 As

294 1319 348 1406 qui
363 1320 393 1384 ei
407 1319 494 1382 venit
513 1318 546 1382 in
571 1326 710 1382 mentem
731 1316 862 1402 praedia
875 1315 1098 1400 concupiscere
1114 1314 1248 1378 hominis
1274 1315 1386 1399 ignoti,
1404 1339 1498 1402 quem

294 1418 422 1482 omnino
449 1438 620 1501 numquam
649 1416 792 1480 viderat?
846 1414 972 1492 Soletis,
1004 1437 1102 1499 quum
1131 1412 1249 1498 aliquid
1279 1413 1498 1498 hujuscemodi

292 1516 419 1594 auditis,
433 1515 566 1600 judices,
583 1515 733 1579 continuo
748 1514 871 1578 dlcere:
898 1534 1028 1576 necesse
1043 1519 1094 1576 est
1114 1511 1249 1597 aliquem
1264 1510 1382 1575 dixisse
1397 1513 1497 1576 muni-

293 1614 395 1699 cipem
409 1621 467 1676 ant
492 1612 649 1686 vicinum
674 1612 697 1675 ii
720 1613 903 1698 plerumque
927 1611 1089 1685 indicant;
1115 1632 1172 1696 per
1198 1631 1252 1672 eos
1267 1609 1408 1694 plerique
1422 1631 1497 1695 pro-

293 1711 422 1776 duntur.
468 1710 533 1773 Hic
548 1709 626 1772 nihil
646 1711 795 1795 estquod
809 1709 1021 1794 suspicionem
1042 1708 1125 1773 henc
1146 1707 1280 1794 putetis.
1326 1707 1399 1772 Non
1414 1709 1498 1772 enim

293 1831 355 1894 ego
366 1809 412 1873 ita
426 1808 613 1893 disputabo:
638 1808 702 1872 veri
717 1807 818 1871 simile
833 1815 884 1871 est
906 1805 1041 1870 Roscios
1062 1806 1158 1869 istam
1179 1827 1246 1869 rem
1260 1805 1303 1868 ad
1318 1805 1498 1890 Chrysogo-

293 1929 370 1970 num
385 1904 556 1978 detulisse;
581 1911 652 1968 erat
666 1904 750 1969 enim
764 1903 810 1969 eis
825 1927 898 1969 cnm
914 1904 1119 1990 Chrysogono
1139 1904 1208 1988 jam
1222 1909 1318 1967 antea
1332 1902 1493 1977 amicitia;

294 2025 368 2068 nam
382 2025 480 2090 quum
493 2003 611 2068 multos
626 2010 750 2068 veteres
764 2023 785 2066 a
799 2001 972 2087 majoribus
995 2002 1102 2066 Roscii
1125 2009 1278 2088 patronos
1293 2001 1497 2088 hospitesque

293 2103 457 2180 haberent,
486 2123 595 2165 omnes
619 2122 675 2166 eos
698 2101 801 2165 colere
823 2109 921 2186 atque
946 2100 1113 2164 observare
1139 2100 1333 2164 destiterunt
1355 2122 1394 2164 ac
1415 2121 1450 2164 se
1464 2100 1497 2164 in

293 2200 495 2286 Chrysogoni
509 2199 605 2263 fidem
620 2206 654 2264 et
676 2197 854 2265 clientelam
875 2197 1090 2264 contulerunt.
1136 2197 1228 2262 Haec
1249 2218 1377 2283 possum
1391 2197 1497 2262 omnia

293 2319 367 2362 rere
382 2298 506 2362 dicere:
531 2296 643 2360 sedin
667 2296 728 2360 hac
751 2318 864 2361 caussa
890 2297 1075 2381 conjectura
1097 2294 1174 2358 nihil
1196 2317 1276 2380 opus
1298 2303 1358 2362 est.
1404 2295 1497 2380 Ipsos

293 2403 382 2462 certo
396 2396 462 2460 scio
477 2417 540 2459 non
563 2417 678 2482 negare
700 2396 742 2459 ad
767 2396 847 2460 haec
872 2397 957 2460 bona
983 2393 1226 2478 Chrysogonum
1251 2393 1424 2458 accessisse
1439 2394 1496 2458 im·

294 2493 385 2578 pulsu
408 2515 478 2558 suo.
525 2493 560 2556 Si
585 2514 658 2556 eum
683 2493 736 2578 qui
759 2492 868 2557 indicii
895 2499 1018 2578 partem
1043 2492 1205 2576 acceperit
1230 2491 1329 2556 oculis
1347 2492 1494 2570 cernetis,

291 2591 480 2679 poteritisne
494 2592 648 2670 dubitare,
662 2592 794 2677 judices,
811 2592 866 2679 qni
880 2590 1050 2655 indicarit?
1095 2589 1156 2672 Qui
1172 2597 1249 2654 sunt
1264 2589 1362 2675 igitur
1376 2591 1409 2653 in
1423 2589 1496 2654 istis

293 2690 393 2770 bonis,
424 2690 538 2776 quibus
566 2698 691 2775 partem
720 2691 945 2777 Chrysogonus
971 2688 1117 2752 dederit?
1150 2689 1214 2752 duo
1245 2688 1363 2752 Roscii.
1410 2688 1497 2752 Num

292 2787 458 2874 quisquam
473 2790 661 2873 praetereat
705 2788 807 2853 Nemo
831 2798 892 2866 est,
913 2786 1048 2873 judices.
1094 2786 1179 2851 Num
1203 2808 1280 2873 ergo
1300 2787 1431 2851 dubium
1446 2795 1496 2851 est

293 2887 368 2973 quin
393 2886 415 2949 ii
441 2886 615 2951 obtulerint
637 2886 720 2950 hano
744 2888 896 2973 praedam
923 2884 1138 2971 Chrysogono,
1167 2884 1220 2971 qui
1245 2886 1287 2948 ab
1308 2907 1346 2949 eo
1371 2892 1497 2970 partem

292 2985 428 3071 praedae
443 2984 604 3049 tulerunt!
650 2984 723 3070 Age
737 3007 821 3049 nunc
837 2984 990 3068 exipsius
1006 2981 1204 3067 Chrysogoni
1222 2980 1343 3066 jndicio
1364 2981 1495 3045 Roscio·

292 3104 364 3145 rnm
392 3082 513 3147 facturn
542 3082 788 3146 consideremus.
834 3081 868 3144 Si
892 3081 968 3144 nibil
992 3080 1025 3143 in
1049 3080 1113 3144 ista
1136 3102 1245 3166 pugna
1270 3079 1380 3144 Roscii
1409 3080 1495 3165 qnod

293 3180 560 3266 operaepretium
574 3188 661 3246 esset
671 3181 820 3259 fecerant,
837 3202 932 3265 quam
947 3180 987 3242 ob
1002 3201 1146 3244 caussam
1168 3201 1188 3243 a
1203 3178 1409 3264 Chrysogono
1424 3186 1495 3243 tan·

292 3277 336 3341 tis
351 3278 496 3362 praemiis
512 3277 732 3342 donabantur?
776 3278 811 3341 Si
826 3277 904 3340 nihil
927 3276 1012 3340 aliud
1038 3277 1183 3341 lecerunt
1206 3276 1266 3340 nisi
1291 3298 1359 3339 rem
1374 3276 1494 3340 detule-

292 3381 376 3452 runt,
401 3396 506 3438 nonne
528 3375 610 3439 satis
635 3376 697 3441 fnit
722 3376 771 3439 his
795 3374 917 3460 gratias
940 3375 1014 3459 agir
1043 3374 1177 3460 denique
1203 3382 1241 3439 ut
1265 3372 1495 3459 perliberaliter

292 3478 451 3555 ageretur,
481 3471 609 3535 honoris
638 3472 754 3558 aliquid
783 3470 911 3534 haberit
956 3470 1021 3535 Cur
1049 3471 1113 3536 tria
1142 3471 1272 3557 praedia
1300 3477 1411 3535 tantae
1440 3493 1493 3556 pe-

293 3568 403 3633 cuniae
424 3568 535 3633 statim
565 3568 711 3655 Capitoni
741 3569 878 3634 dantur!
922 3568 988 3635 Cur
1010 3588 1090 3656 qnae
1112 3570 1233 3655 reliqua
1247 3578 1322 3635 sunt
1336 3571 1397 3635 istc
1413 3569 1494 3635 Ros·

324 3714 408 3763 dedita
422 3728 496 3776 opero
513 3731 530 3765 s
542 3716 619 3778 mss]
655 3715 731 3764 Orelli
749 3730 803 3778 says
820 3716 875 3763 that
908 3720 956 3765 ‘on
967 3732 1011 3765 our
1022 3716 1117 3775 sids,in
1128 3732 1173 3765 our
1183 3714 1284 3765 favour!

291 3784 357 3828 most
371 3780 400 3827 ot
412 3780 456 3827 the
468 3780 541 3829 MSS.
553 3781 614 3829 hare
630 3785 660 3829 ‘a
672 3780 758 3838 vobis,'
775 3780 823 3828 and
833 3786 875 3843 yet
939 3784 979 3839 37.
1006 3784 1166 3843 suspicionem
1189 3782 1263 3844 lanc]
1311 3780 1492 3845 ‘Suspicionem

291 3845 411 3907 heprints
428 3845 555 3893 ‘anobis’
589 3844 759 3894 ‘Nobis’and
775 3845 872 3895 ‘robis'
906 3845 978 3893 hoer'
999 3846 1079 3894 Klotz.
1120 3846 1174 3894 The
1194 3846 1307 3908 meaning
1328 3846 1348 3895 is
1366 3847 1407 3895 the
1427 3862 1493 3895 sams

290 3909 571 3959 moneneonfounded.
604 3910 875 3973 Nothingbntasonnd
906 3911 983 3958 either
993 3926 1058 3972 way:
1077 3910 1350 3959 ‘inthlscssethereis
1364 3926 1492 3959 noreason

288 3974 415 4036 jndgment
433 3990 478 4023 ean
494 3975 577 4023 deside
594 3975 702 4023 betseen
721 3976 789 4023 them
807 3975 872 4024 here.
905 3975 942 4021 for
952 3990 1012 4037 your
1023 3974 1173 4037 mnsidering
1184 3976 1234 4023 eoo
1249 3981 1275 4023 to
1287 3974 1491 4039 bessuspicion.'

291 4040 396 4087 ‘Dcdita
412 4039 500 4101 opera,'
520 4040 597 4087 which
614 4042 720 4101 significo
738 4040 816 4087 ‘from
835 4046 873 4087 set
908 4038 947 4086 He
966 4054 1020 4101 says
1038 4038 1190 4087 afterwards:
1218 4040 1278 4088 ‘sed
1298 4040 1324 4088 in
1344 4040 1389 4089 hcc
1408 4055 1493 4089 caussa

291 4103 391 4164 dceigm'
403 4104 562 4167 ‘purposely,'
574 4105 775 4152 isnotusedrrith
787 4109 871 4151 ‘ano-
905 4104 1041 4163 conjemnrs
1052 4104 1112 4151 nihil
1123 4120 1183 4167 opus
1195 4104 1250 4153 est!

290 4167 345 4225 bia:
362 4168 443 4217 orths
456 4169 506 4217 like
516 4168 626 4224 ablstirs,
638 4169 676 4216 lor
690 4170 733 4219 uo
746 4173 871 4215 sentences
938 4168 1172 4231 Numerarem]
1199 4170 1274 4218 Orelli
1285 4169 1333 4217 and
1345 4168 1418 4216 Klotz
1430 4168 1491 4217 hare

289 4233 317 4279 in
330 4233 408 4280 which
424 4234 444 4280 it
460 4248 543 4281 occurs
558 4248 599 4281 ars
615 4248 642 4280 so
657 4234 751 4280 formed
761 4232 815 4279 that
830 4232 873 4280 the
906 4236 982 4280 ‘num
1001 4234 1128 4295 quisnam!
1163 4235 1174 4282 I
1195 4248 1299 4297 suppose
1314 4234 1356 4281 the
1375 4233 1449 4281 MSS.
1464 4238 1491 4283 to

289 4311 389 4357 pemons
404 4299 463 4358 ‘qni
476 4298 568 4345 dedunt
578 4297 691 4359 operam’
706 4312 747 4345 are
759 4296 871 4357 impliedy
905 4297 965 4345 hare
976 4297 1035 4345 both
1046 4298 1163 4360 readings.

263 4368 267 4377 ·
290 4359 335 4407 but
347 4361 397 4407 still
411 4361 481 4410 thera
495 4363 516 4410 is
532 4377 564 4409 ne
580 4377 664 4409 reason
675 4362 729 4425 why
745 4377 760 4409 a
777 4362 873 4408 Roman
938 4364 1158 4425 tcutoepersnr'ae]
1190 4364 1275 4426 Comp.
1287 4362 1342 4411 Vol.
1354 4362 1375 4411 1.
1387 4362 1455 4411 Verr.
1465 4362 1490 4409 ii.

289 4424 361 4471 could
376 4430 421 4473 not
437 4440 479 4487 ssy
495 4426 593 4473 ‘dedita
607 4441 680 4489 opem
696 4442 712 4474 a
729 4424 815 4482 robis,’
834 4441 872 4474 es·
906 4430 929 4474 5.
941 4443 962 4475 c.
975 4429 998 4485 7,
1016 4432 1132 4489 ‘magnae
1147 4426 1287 4489 pecunise3'
1306 4428 1384 4476 where
1396 4442 1437 4491 my
1447 4442 1491 4474 sx-

288 4488 389 4551 peclally
400 4488 470 4536 when
483 4490 515 4537 las
528 4490 611 4537 makes
622 4491 665 4538 the
677 4491 747 4551 thing
762 4495 872 4550 stronger
904 4491 1026 4553 planation
1042 4493 1063 4540 is
1079 4492 1192 4541 cofirmed
1206 4492 1238 4555 by
1253 4492 1302 4541 this
1316 4491 1457 4556 parregaif
1471 4491 1491 4539 it

288 4552 321 4614 by
341 4552 430 4613 adding
451 4557 551 4601 ‘sonna
568 4554 628 4601 ros!
668 4554 717 4603 Yet
736 4560 767 4603 ‘a
784 4553 871 4602 nobis’
905 4556 1163 4605 needsconfirmntion.

288 4632 344 4681 may
353 4618 496 4666 meanvhar
503 4618 635 4666 Lambinus
642 4634 705 4681 says,
717 4624 776 4681 ‘pro
783 4618 871 4677 nobis,'
