3517 5325
365 485 408 548 sl
682 479 818 544 ORAT.
841 478 932 543 PRO
961 477 1064 542 SEX.
1088 475 1254 542 Rosolo

367 674 461 716 cuum
476 652 594 716 crimen
609 658 643 716 et
657 651 867 736 suspicionem
882 649 989 734 potius
1010 649 1053 712 ad
1075 647 1226 733 praedam
1247 648 1460 732 adjungerent
1474 673 1571 736 quem

366 751 409 814 ad
423 757 609 834 egestatem.
654 749 738 830 Quid
752 750 780 813 si
795 749 919 812 accedit
934 747 1044 812 eodem
1060 753 1097 810 ut
1118 746 1224 810 tenuis
1246 755 1342 810 antea
1356 748 1472 812 fueris!
1494 750 1572 834 quid

369 848 407 924 si,
422 855 460 912 ιιι
474 849 610 911 avarus?
623 841 706 933 >quid
728 847 765 925 si,
782 854 819 911 ut
843 847 970 909 audaxi
992 845 1067 929 quid
1090 843 1127 920 si,
1152 852 1190 908 ut
1209 844 1294 908 illius
1314 845 1367 930 qui
1382 846 1505 910 occisus
1519 856 1571 910 est

368 945 622 1009 inimicissimus?
666 945 752 1008 Num
766 944 946 1029 quaerenda
961 963 1076 1006 caussa
1098 963 1178 1024 quae
1198 949 1232 1005 te
1247 941 1288 1005 ad
1303 949 1432 1007 tantum
1446 943 1571 1008 facinus

367 1043 556 1106 adduxerit!
573 1089 582 1098 .
600 1041 684 1122 Quid
707 1064 782 1125 ergo
805 1043 919 1104 horum
938 1039 1047 1123 negari
1071 1041 1203 1124 potest?
1257 1038 1412 1104 Tenuitas
1435 1041 1571 1104 hominis

367 1141 522 1226 ejusmodi
537 1147 639 1204 estut
660 1138 850 1202 dissimulari
864 1160 929 1200 non
944 1143 1041 1222 queat
1062 1144 1160 1221 atque
1182 1157 1220 1199 eo
1242 1137 1344 1221 magis
1360 1138 1484 1203 eluceat
1506 1160 1570 1224 quo

366 1239 469 1324 magis
492 1238 679 1302 occultatur.
734 1236 913 1300 Avaritiam
937 1234 1079 1321 praefers
1101 1234 1154 1319 qui
1178 1235 1366 1300 societatem
1393 1237 1505 1300 coieris
1529 1238 1570 1300 de

367 1335 533 1421 municipis
547 1334 738 1420 cognatique
763 1334 900 1398 fortunis
923 1354 995 1396 cum
1018 1331 1220 1396 alienissimo.
1266 1332 1369 1412 Quam
1383 1334 1428 1398 sis
1452 1335 1567 1412 audax,

368 1434 482 1497 utalia
506 1433 682 1509 obliviscar,
705 1433 778 1496 hinc
801 1453 912 1495 omnes
936 1429 1112 1513 intelligere
1137 1439 1319 1516 potuerunt,
1336 1432 1420 1517 quod
1444 1455 1483 1495 ex
1498 1441 1571 1498 tota

367 1533 530 1609 societate,
547 1532 606 1596 hoc
621 1541 728 1596 estex
742 1537 794 1595 tot
808 1529 939 1606 sicariis,
957 1528 1044 1592 solus
1058 1536 1095 1592 tu
1110 1528 1255 1593 inventus
1270 1553 1306 1594 es
1321 1531 1374 1615 qui
1390 1553 1462 1595 cum
1476 1553 1569 1595 accu-

368 1631 529 1695 satoribus
543 1631 671 1694 sederes
685 1638 782 1714 atque
808 1651 844 1691 os
868 1636 962 1692 tuum
986 1649 1049 1690 non
1073 1627 1167 1690 modo
1191 1629 1384 1706 ostenderes,
1401 1629 1570 1694 sedetiam

367 1728 506 1792 offerres.
560 1727 748 1791 Inimicitias
773 1726 832 1790 tibi
856 1725 954 1788 fuisse
980 1746 1052 1788 cum
1079 1724 1153 1788 Sex.
1179 1725 1296 1790 Roscio
1311 1738 1345 1792 et
1368 1749 1501 1813 magnas
1522 1727 1570 1791 rei

366 1823 529 1888 familiaris
544 1824 776 1888 controversias
798 1823 953 1887 concedas
978 1843 1108 1886 necesse
1134 1829 1195 1887 est.
1239 1823 1366 1901 Restat,
1378 1825 1514 1909 judices,
1530 1836 1569 1890 ut

368 1923 430 1985 hoc
456 1921 647 1997 dubitemus,
673 1927 745 1984 uter
770 1920 878 2005 potius
895 1919 969 1982 Sex.
995 1919 1148 1983 Roscium
1168 1921 1340 1997 occiderit;
1365 1923 1393 1986 is
1417 1923 1569 2009 adquam

366 2027 470 2083 morte
485 2020 555 2103 ejus
570 2018 698 2082 divitiae
712 2018 864 2095 venerint,
882 2039 922 2080 an
934 2017 962 2080 is
976 2017 1017 2079 ad
1033 2038 1126 2102 quem
1141 2018 1345 2092 mendicitas3
1362 2019 1458 2104 isqui
1472 2029 1569 2084 antea

365 2117 472 2180 tenuis
486 2115 590 2193 fuerit,
606 2138 648 2179 an
662 2115 691 2179 is
706 2117 760 2200 qui
775 2123 887 2200 postea
901 2115 1006 2179 factus
1020 2114 1064 2178 sit
1078 2116 1324 2201 egentissimus;
1342 2117 1370 2180 is
1386 2117 1439 2202 qui
1453 2119 1569 2182 ardens

367 2215 499 2278 avaritia
526 2213 648 2277 feratur
671 2213 807 2277 infestus
831 2213 864 2275 in
879 2235 963 2291 suos,
981 2235 1022 2275 an
1045 2212 1073 2276 is
1099 2213 1152 2298 qui
1176 2235 1300 2299 semper
1323 2215 1369 2278 ita
1391 2215 1506 2279 vixerit
1531 2223 1569 2281 ut

366 2319 532 2397 quaestum
547 2309 656 2375 nosset
677 2311 805 2386 nullum,
831 2310 972 2375 fructum
994 2317 1102 2375 autem
1126 2333 1199 2374 eum
1225 2312 1326 2375 solum
1352 2334 1446 2398 quem
1460 2313 1568 2378 labore

313 2459 316 2474 .
365 2409 561 2495 peperisset,
589 2409 695 2494 isqui
719 2409 858 2472 omnium
884 2415 1044 2473 sectorum
1070 2408 1297 2473 audacissimus
1320 2410 1372 2488 sit,
1394 2433 1435 2474 an
1461 2411 1488 2475 is
1512 2413 1568 2498 qui

364 2514 496 2593 propter
508 2507 569 2571 fori
580 2508 832 2592 judiciorumque
854 2507 1056 2572 insolentiam
1077 2529 1140 2570 non
1163 2507 1256 2570 modo
1279 2508 1435 2586 subsellia,
1458 2531 1568 2574 verum

365 2605 461 2669 etiam
476 2606 585 2669 urbem
600 2605 701 2692 ipsam
723 2606 925 2672 reformidet:
950 2613 1120 2692 postremo,
1140 2606 1273 2691 judices,
1297 2606 1330 2670 id
1345 2608 1429 2692 quod
1444 2607 1484 2671 ad
1500 2629 1567 2673 rem

364 2726 436 2768 mea
458 2705 619 2770 sententia
644 2705 781 2770 maxime
806 2704 957 2790 pertinet,
981 2710 1088 2768 utrum
1115 2704 1260 2769 inimicus
1283 2705 1389 2789 potius
1413 2729 1454 2769 an
1474 2706 1566 2770 filius.

366 2802 531 2866 XXXII.
556 2802 648 2867 Haec
662 2810 708 2880 tu,
727 2802 834 2881 Eruci,
851 2810 903 2867 tot
918 2810 953 2867 et
966 2802 1095 2867 tantasi
1105 2810 1218 2866 nactus
1230 2824 1315 2866 esses
1330 2802 1363 2865 in
1377 2824 1442 2881 reo,
1459 2824 1567 2888 quam-

343 2901 419 2974 diu
435 2900 577 2964 diceres?
599 2923 662 2985 quo
687 2909 722 2964 te
745 2900 841 2964 modo
864 2900 1027 2984 jactares?
1072 2899 1221 2985 Tempus
1249 2900 1387 2975 hercule,
1411 2908 1445 2965 te
1471 2901 1568 2965 citius

364 3019 458 3083 quam
473 2998 576 3062 oratio
592 2997 752 3061 deficeret.
798 2996 929 3059 Etenim
944 2996 976 3059 in
992 2996 1123 3082 singulis
1138 2998 1233 3061 rebus
1249 2998 1402 3081 ejusmodi
1417 2998 1568 3064 materies

365 3102 415 3159 est
430 3102 468 3160 ut
483 3096 551 3159 dies
576 3094 717 3179 singulos
742 3093 846 3178 possis
869 3116 1065 3157 consumere.
1113 3094 1224 3179 Neque
1247 3118 1307 3181 ego
1330 3118 1394 3159 non
1414 3118 1565 3181 possum;

363 3192 527 3256 nonenim
541 3192 617 3255 mihi
632 3198 759 3255 tantum
774 3192 901 3276 derogo,
918 3192 1049 3256 tametsi
1071 3192 1147 3256 nihil
1169 3216 1293 3279 arrogo,
1309 3203 1345 3259 ut
1359 3204 1394 3259 te
1410 3195 1568 3280 copiosius

365 3310 459 3373 quam
473 3310 524 3350 me
538 3294 648 3373 putem
662 3310 755 3371 posse
777 3288 893 3353 dicere.
937 3287 1062 3352 -Verum
1085 3312 1144 3373 ego
1166 3291 1301 3355 forsitan
1316 3300 1447 3379 propter
1462 3293 1567 3357 multi-

364 3384 506 3448 tudinem
520 3392 725 3468 patronorum
740 3385 772 3447 in
787 3406 884 3470 grege
899 3386 1094 3450 adnumerer.
1114 3400 1116 3407 ’
1142 3386 1188 3451 Te
1203 3410 1310 3474 pugna
1325 3390 1500 3454 Cannensis
1515 3412 1568 3454 ac-

365 3488 544 3546 cusatorem
559 3488 611 3544 sat
626 3482 744 3544 bouum
765 3481 851 3546 fecit.
899 3482 1022 3548 Multos
1045 3506 1156 3549 caesos
1178 3507 1242 3548 non
1263 3487 1304 3549 ad
1326 3486 1567 3551 Thrasimenum

364 3578 476 3658 lacum,
494 3579 550 3642 sed
564 3580 606 3642 ad
623 3578 790 3643 Servilium
804 3579 949 3644 vidimus.
995 3582 1073 3663 Quis
1089 3582 1133 3646 ibi
1148 3604 1211 3646 non
1227 3590 1278 3648 est
1293 3584 1469 3649 volumtas
1475 3586 1568 3669 forro

363 3815 435 3863 binus
456 3829 580 3878 approves,
604 3814 659 3861 who
676 3828 739 3876 says,
763 3814 889 3863 ίΔιιιιιιιιὶο
909 3815 946 3864 Cl.
979 3831 1036 3863 man
1053 3817 1134 3864 anda
1150 3816 1279 3866 linsman!
1319 3820 1395 3868 ‘Pras
1411 3824 1437 3868 te
1453 3820 1501 3869 fers
1518 3820 1565 3870 Cd.

364 3880 479 3939 Paterno,
495 3880 537 3943 qui
552 3881 587 3927 its
601 3879 729 3941 legendum
746 3878 845 3927 censet’
888 3880 947 3927 This
979 3880 1093 3928 Ursiniz‘
1119 3882 1203 3929 Orchi.
1248 3882 1301 3931 The
1334 3885 1518 3934 ‘alienissimus'
1544 3888 1567 3935 is

362 3944 679 4006 isarerybadaltoeation.
713 3944 778 4020 ‘Eo'
794 3944 946 4031 iapupposed
980 3944 1156 4005 Chrysogonus.
1580 3990 1582 3993 .

362 4009 472 4121 itii?
483 4009 687 4121 fflisslli
699 4008 821 4135 2⁸..ssle
835 4008 883 4119 ..l
894 4009 949 4119 ‘tt
981 4010 1433 4134 ...ftuft‘t'ttlittfftptt
1447 4014 1570 4127 ttt‘t

362 4138 492 4201 praedam,'
510 4140 554 4186 &c
571 4152 598 4185 aa
614 4138 656 4185 the
672 4138 825 4198 explanation
841 4136 869 4183 of
887 4135 946 4183 ‘eo’
980 4136 1084 4195 Cannae,
1097 4154 1124 4185 or
1134 4140 1176 4186 the
1193 4140 1277 4189 earlier
1292 4142 1368 4189 battle
1385 4148 1410 4189 at
1427 4143 1469 4189 the
1487 4144 1567 4191 Lacus

362 4202 389 4250 If
397 4203 557 4250 thiewillnot
567 4202 606 4258 do,
621 4202 767 4249 Hotmann's
778 4201 947 4262 suggestionis
979 4200 1165 4264 Thrasymenus.
1198 4205 1251 4253 'Ilia
1274 4206 1386 4254 Servilius
1401 4208 1422 4254 is
1439 4208 1566 4269 explained

362 4266 404 4313 the
415 4266 476 4323 bost,
494 4274 520 4314 to
537 4268 628 4327 change
646 4266 700 4313 ‘co'
720 4266 773 4313 into
792 4265 855 4312 ‘etr’
873 4280 901 4312 or
912 4280 947 4313 we
979 4264 1013 4326 by
1033 4267 1168 4315 Hadrianus
1188 4272 1214 4316 to
1229 4270 1260 4318 be
1279 4286 1325 4319 ons
1341 4272 1369 4318 of
1383 4272 1425 4319 the
1442 4272 1520 4319 Lacum
1537 4288 1566 4319 or

361 4344 416 4390 may
427 4332 524 4378 omitit.
978 4337 1051 4378 water
1061 4332 1190 4381 reservoirs
1201 4340 1226 4381 at
1239 4334 1323 4391 Rome,
1336 4352 1393 4383 near
1404 4337 1446 4384 the
1464 4337 1566 4385 Basilica

394 4395 532 4442 Avaritiam
550 4394 666 4455 pruv'era
687 4393 740 4457 qui]
785 4392 857 4441 ΙΥοιι
879 4393 945 4441 show
977 4394 1050 4443 Julia.
1087 4400 1110 4444 A
1133 4412 1231 4459 passage
1253 4398 1281 4446 of
1302 4400 1383 4447 Julius
1405 4400 1521 4448 firmicus
1544 4402 1565 4449 is

361 4470 421 4517 your
438 4458 573 4516 greedinem
590 4458 620 4519 by
632 4459 720 4519 haring
735 4458 827 4505 formed
844 4474 860 4505 ιι
878 4464 944 4520 part-
978 4460 1066 4521 quoted
1086 4461 1162 4509 which
1180 4464 1287 4525 explains
1309 4466 1351 4512 the
1373 4472 1437 4512 text:
1465 4466 1565 4513 “Visne

361 4520 458 4581 nership
478 4522 536 4568 tritu
561 4537 608 4569 one
636 4523 679 4570 tho
702 4523 806 4570 furthcst
832 4522 945 4571 removed
977 4524 1066 4587 aliquid
1077 4526 1128 4583 tibi,
1137 4528 1193 4587 quia
1203 4528 1228 4574 in
1241 4528 1344 4577 Sullanis
1352 4529 1499 4593 temporibus
1510 4546 1563 4577 ver-

360 4583 422 4632 from
439 4585 815 4646 ymagdmttheintercstaof
830 4593 944 4636 atowns·
978 4603 1066 4645 samur,
1086 4589 1116 4636 da
1135 4590 1188 4639 lacu
1207 4592 1306 4641 Servilio
1327 4594 1442 4643 referam?
1466 4596 1492 4642 in
1514 4610 1564 4657 quo
