3517 5325
339 476 402 539 164
663 469 799 536 ORAT.
824 469 916 534 PRO
941 469 989 534 M.
1015 467 1222 533 FONTEIO

338 641 448 728 pinum
473 648 675 726 quaestorem
698 640 792 704 aliter
816 639 973 703 neminem
996 638 1145 702 solvisse:
1173 638 1258 701 hunc
1282 637 1421 704 omnium
1447 661 1542 725 supe-

338 739 466 816 riorum,
491 741 586 822 hujns
609 743 718 802 antem
737 759 847 800 omnes
866 737 921 822 qui
941 744 1055 820 postea
1078 736 1197 801 luerint
1219 736 1448 800 auctoritatem
1469 738 1542 802 dico

338 843 476 900 secutos.
522 836 605 916 Quid
619 836 773 898 accusas?
795 834 870 918 quid
886 833 1070 918 reprendist

383 932 467 995 Nam
481 931 567 1016 quod
581 932 614 995 in
628 931 744 995 tabulis
766 931 979 994 dodrantariis
1001 936 1036 993 et
1060 929 1303 1014 quadrantariis,
1326 951 1405 1015 quas
1428 931 1475 994 ait
1497 931 1540 993 ab

339 1027 502 1093 Hirtuleio
517 1029 691 1106 institutas,
710 1028 838 1091 Fonteii
860 1027 999 1090 officium
1022 1026 1189 1103 desiderat,
1207 1048 1269 1090 non
1285 1048 1415 1111 possum
1430 1025 1540 1089 existi-

337 1146 424 1188 mare
445 1133 552 1189 utrum
576 1125 643 1209 ipse
665 1132 751 1188 erret
773 1145 815 1186 an
838 1145 895 1187 vos
919 1124 951 1186 in
977 1145 1117 1186 errorem
1140 1122 1255 1186 ducere
1281 1123 1367 1186 velit.
1413 1122 1539 1200 Quaero

337 1221 422 1284 enim
444 1223 502 1284 abs
527 1230 571 1298 te,
597 1223 644 1284 M.
662 1221 814 1295 Plaetori,
839 1219 983 1305 possitne
1009 1219 1068 1282 tibi
1094 1219 1154 1303 ipsi
1177 1221 1310 1304 probata
1334 1241 1404 1282 esse
1429 1227 1541 1282 nostra

337 1339 459 1397 caussa,
476 1318 513 1396 si,
530 1341 593 1404 qua
607 1318 639 1381 in
654 1339 688 1380 re
703 1319 762 1381 abs
776 1324 810 1381 te
827 1317 876 1380 M.
894 1316 1050 1380 Fonteius
1068 1323 1248 1390 accusatur,
1264 1323 1427 1379 auctorem
1441 1316 1540 1380 hahet

338 1435 409 1477 eum
431 1436 525 1499 quem
539 1423 576 1477 tn
590 1414 728 1477 maxime
750 1414 871 1490 landas,
890 1412 1106 1490 Hirtuleinm3
1132 1433 1195 1498 qua
1209 1412 1241 1475 in
1256 1433 1292 1475 re
1305 1419 1413 1475 autern
1429 1413 1540 1476 laudas

339 1510 544 1588 Hirtuleium,
572 1511 727 1574 Fonteius
750 1511 834 1574 idem
859 1509 972 1572 fecisse
997 1510 1165 1594 reperitur.
1211 1508 1429 1592 Reprehendis
1454 1509 1538 1572 solu-

337 1608 434 1672 tionis
450 1630 571 1692 genus:
595 1609 707 1671 eodem
721 1609 816 1672 modo
833 1607 1027 1672 Hirtuleium
1051 1605 1229 1669 dissolvisse
1249 1605 1394 1690 publicae
1409 1604 1538 1669 tabulae

336 1711 521 1788 coarguunt.
568 1704 696 1767 Laudas
721 1704 807 1767 illum
833 1704 919 1789 quod
945 1702 1167 1768 dodrantarias
1190 1701 1317 1766 tabulas
1337 1700 1534 1766 instituerit:

336 1800 465 1864 easdem
492 1800 648 1863 Fonteius
670 1800 820 1874 instituit,
845 1810 879 1863 et
902 1801 1015 1864 eodem
1040 1821 1156 1884 genere
1181 1799 1342 1884 pecuniae.
1389 1799 1471 1862 Nam
1496 1820 1537 1861 ne

336 1896 420 1960 forte
446 1897 490 1960 sis
512 1896 647 1970 nescius,
672 1906 706 1961 et
730 1897 811 1960 istas
833 1897 961 1960 tabulas
987 1897 1149 1961 existimes
1174 1897 1215 1960 ad
1240 1895 1397 1958 diversam
1420 1895 1537 1958 veteris

336 1993 420 2056 aeris
435 1993 527 2058 alieni
547 1992 704 2056 rationem
727 1994 897 2076 pertinere,
913 1995 953 2057 oh
975 2016 1070 2058 unam
1086 2014 1232 2058 caussam
1247 1993 1327 2056 etin
1342 2013 1405 2056 uno
1420 2013 1536 2076 genere

336 2097 413 2154 sunt
426 2090 603 2154 institutae.
649 2090 733 2152 Nam
748 2111 820 2152 cum
837 2089 1021 2174 publicanis,
1039 2090 1093 2174 qui
1109 2090 1261 2167 Africam,
1278 2088 1332 2173 qui
1350 2087 1535 2172 Aquilianae

336 2187 513 2271 portorium
527 2186 686 2250 conducta
700 2185 859 2250 habebant
903 2188 922 2228 ¹
968 2188 987 2227 '¹
1033 2190 1052 2230 ¹

382 2283 429 2348 Il.
453 2284 472 2323 ¹*
496 2284 516 2322 ³
538 2284 558 2325 *
581 2282 644 2347 cite
676 2285 695 2324 ³
718 2284 738 2324 ¹*
760 2285 781 2322 ¹*
813 2282 926 2358 Nemo,
941 2305 1034 2347 nemo
1049 2283 1186 2368 inquam,
1207 2281 1342 2366 judices,
1359 2280 1536 2365 reperietur

336 2380 390 2466 qui
404 2402 502 2444 unum
521 2401 556 2443 se
576 2379 609 2444 in
628 2386 800 2464 quaestura
816 2379 865 2442 M.
883 2379 1018 2444 Fonteio
1040 2401 1203 2442 nummum
1225 2377 1358 2454 dedisse,
1375 2385 1433 2442 aut
1447 2377 1536 2442 illum

337 2499 378 2542 ex
393 2499 432 2542 ea
445 2478 580 2564 pecunia
593 2499 675 2562 quae
690 2499 748 2562 pro
763 2475 885 2540 aerario
900 2476 1076 2540 solveretur
1097 2475 1275 2541 detraxisse
1291 2473 1397 2540 dicat:
1420 2475 1536 2539 nullius

291 2721 293 2724 -
338 2692 448 2737 ‘statuae
457 2686 623 2736 inaurata'-
631 2691 638 2715 ¹
646 2686 729 2734 Titum
737 2686 755 2733 ε’
769 2686 811 2734 the
821 2700 920 2748 praeno·
953 2686 1007 2733 that
1018 2686 1037 2733 it
1047 2700 1095 2733 was
1105 2686 1200 2732 written
1210 2684 1312 2731 without
1326 2682 1368 2732 the
1386 2684 1496 2745 aspirata,
1508 2698 1535 2731 aa

338 2769 395 2800 men
405 2754 426 2800 ia
438 2754 533 2800 written
551 2753 609 2799 thus
625 2752 652 2798 in
669 2752 712 2798 the
722 2750 921 2812 00d.-·qunoe-
954 2748 1105 2798 ‘rementer'
1124 2764 1173 2797 was
1183 2749 1278 2797 written
1291 2748 1328 2795 ior
1346 2748 1534 2795 ‘vehementer’

338 2823 415 2865 torem
423 2816 440 2863 ε’
456 2817 499 2864 the
510 2816 570 2864 Cod.
582 2816 626 2863 has
635 2815 692 2875 only
704 2814 783 2877 ‘que'
817 2814 922 2875 Though
955 2814 1005 2862 But
1015 2814 1083 2863 there
1092 2814 1113 2860 is
1124 2828 1155 2860 no
1166 2812 1242 2860 doubt
1253 2810 1447 2873 ‘prehendere'
1459 2812 1479 2858 ia
1491 2811 1534 2859 the

338 2882 387 2929 thia
398 2881 457 2928 dosa
467 2885 511 2927 not
527 2895 616 2941 appear
632 2880 658 2926 in
675 2879 718 2925 the
735 2878 776 2925 list
794 2877 823 2924 of
835 2877 921 2924 abbre-
955 2877 1141 2939 completesorm
1153 2877 1181 2923 oi
1188 2876 1318 2924 thisword.
1335 2876 1358 2923 Α
1369 2876 1431 2922 little
1441 2874 1536 2923 further

338 2944 619 3006 viationsasexpresaing
627 2948 634 2970 ‘
642 2940 779 3003 quaestore’
786 2956 815 2988 or
825 2946 920 3002 ‘quaes
953 2958 985 2990 cn
996 2942 1037 2989 tho
1048 2942 1107 2990 cod.
1119 2942 1163 2988 has
1174 2940 1355 3001 ‘repraehendit
1366 2940 1508 2987 solutionis!

338 3008 433 3065 torem‚'
445 3009 513 3056 there
523 3009 584 3055 iano
594 3007 671 3055 doubt
678 3007 732 3052 that
743 3004 921 3066 ‘quaestorem'
982 3006 1103 3067 pocritae]
1122 3004 1182 3052 This
1190 3010 1255 3052 must
1265 3004 1297 3051 be
1307 3004 1437 3053 mutand
1456 3004 1535 3053 ‘arhe-

339 3075 360 3121 ia
371 3074 413 3121 the
428 3074 493 3134 right
503 3070 619 3119 word.—‘
626 3084 710 3118 omnes
719 3069 735 3114 ι’
752 3070 795 3115 the
805 3067 866 3115 Cod.
878 3069 922 3115 has
954 3070 1016 3126 lber,
1027 3084 1062 3125 or,
1069 3069 1092 3116 it
1099 3084 1144 3117 our
1155 3084 1208 3117 case
1218 3072 1307 3116 cannot
1317 3068 1348 3115 be
1359 3068 1428 3115 made
1435 3068 1496 3130 good
1507 3070 1535 3116 in

340 3136 451 3184 ‘omnis'
476 3136 587 3183 Niebuhr
597 3133 725 3181 concludes
735 3133 789 3179 that
798 3147 825 3178 aa
835 3132 868 3178 all
877 3132 921 3178 the
952 3149 1014 3195 your
1025 3132 1142 3195 opinion.¹

339 3201 395 3249 hest
413 3200 487 3248 MSS.
505 3200 533 3245 oi
548 3199 590 3245 the
606 3198 719 3253 orations,
731 3196 808 3242 which
818 3195 921 3243 arealso
986 3198 1019 3244 ad
1035 3198 1154 3245 diesim
1168 3196 1269 3257 vetera]
1304 3196 1345 3243 au
1355 3196 1462 3244 thattbe
1473 3196 1534 3245 cod.

339 3279 428 3323 among
438 3264 481 3309 the
491 3263 577 3318 oldest,
588 3262 649 3308 have
659 3261 708 3307 this
718 3260 781 3307 form
799 3273 826 3306 ao
845 3260 920 3316 osten,
954 3260 1032 3307 shows
1046 3262 1067 3308 is
1088 3274 1106 3308 n
1124 3293 1230 3307 .....
1248 3273 1264 3306 ιι
1287 3261 1312 3306 in
1332 3274 1379 3308 one
1400 3260 1456 3317 line,
1484 3262 1534 3307 and

339 3326 457 3375 ltshcnld
468 3326 499 3373 be
514 3326 621 3373 restored
639 3330 666 3371 to
676 3325 768 3372 Cicero.
800 3323 921 3370 Theron·
955 3338 1080 3373 arsauars
1103 3330 1129 3372 at
1146 3324 1188 3372 the
1205 3324 1334 3385 beginnim
1358 3324 1387 3371 ol
1404 3324 1446 3372 the
1467 3330 1533 3372 next.

340 3391 433 3437 cluaion
444 3391 464 3435 la
474 3395 519 3435 not
529 3404 544 3436 a
555 3388 605 3435 sais
615 3403 678 3445 ouer
692 3387 769 3434 noris
779 3387 828 3433 thia
839 3388 922 3434 ortho-
955 3388 1066 3436 Niebuhr
1079 3388 1189 3450 supplied
1207 3388 1250 3435 the
1268 3386 1354 3444 delam,
1365 3388 1413 3435 and
1423 3387 1488 3435 what
1503 3388 1536 3435 lae

339 3453 461 3514 graphical
472 3452 617 3515 questiones
625 3452 826 3513 anyvaluetous.
854 3451 923 3499 laven
955 3452 998 3500 has
1015 3452 1091 3501 added
1106 3454 1158 3513 just
1177 3452 1224 3499 lilla
1240 3467 1272 3513 up
1289 3452 1332 3499 the
1343 3452 1416 3499 blank
1426 3451 1536 3500 between

339 3518 389 3564 thia
407 3516 468 3563 Cod.
483 3517 527 3564 has
541 3516 650 3563 ‘omes'
661 3516 688 3562 iu
703 3516 746 3562 the
759 3529 825 3561 nom.
836 3516 922 3577 plural.
955 3516 1159 3565 thanandthca.
1175 3516 1349 3571 Theaddition‚
1358 3516 1468 3563 ¹-torium
1476 3530 1535 3563 con·

339 3574 704 3639 —‘accuaris...reprendis:'
728 3577 788 3626 Cod.
806 3580 850 3626 laea
867 3584 922 3626 ‘ac-
955 3579 1174 3637 ductahababant,'
1193 3595 1247 3641 says
1262 3579 1411 3635 Niebuhr‚ia
1429 3579 1534 3636 eertain;

317 3724 322 3737 .
340 3642 921 3765 muscula
952 3643 1271 3769 εεεεεειεε·
1281 3643 1376 3755 ,εει
1386 3642 1535 3767 εεεεε

340 3774 419 3820 writes
441 3769 596 3834 ‘reprendis’
639 3771 734 3817 Roman
757 3770 921 3831 orthography
952 3772 1096 3819 established
1106 3770 1325 3834 hyM'.dquiliua;
1341 3770 1420 3817 which
1430 3771 1451 3817 ia
1465 3775 1537 3817 nota

320 3834 920 3960 ·t⁰3lttttlt.t.ttt¹?¹tt¹²tt⁰ttl
953 3833 1536 3959 immundissimi&

340 3964 451 4012 Niebuhr
469 3978 540 4024 sayra
566 3966 582 3991 ‘¹
591 3960 629 4007 M.
637 3961 751 4007 Annuus
763 3962 884 4009 Coranum
896 3962 921 4007 in
953 3977 1024 4011 name
1034 3964 1061 4011 oi
1069 3962 1111 4010 the
1121 3970 1186 4011 town
1197 3962 1315 4023 Aquileia.

340 4028 475 4075 cassiodori
492 4025 609 4087 exemptis
626 4039 650 4085 p.
667 4026 740 4079 2283,
763 4027 865 4086 antiqui,
882 4024 920 4071 in·
986 4030 1010 4074 2.
1027 4027 1163 4087 nummum]
1201 4026 1285 4073 ‘Thus
1305 4027 1324 4073 it
1347 4024 1368 4072 ia
1389 4026 1484 4073 written
1508 4024 1534 4072 in

340 4093 400 4153 quit,
418 4104 545 4138 armore
559 4104 608 4149 per
626 4088 674 4134 duo
695 4089 737 4134 SS
751 4090 919 4148 conspumat.-
953 4090 1169 4151 theseiragruenta
1180 4089 1225 4137 bnt
1241 4090 1266 4136 in
1284 4090 1326 4137 the
1340 4088 1410 4135 other
1428 4089 1535 4137 oraltorm

339 4170 411 4217 qnam
421 4154 520 4201 undem
529 4154 671 4213 scripturam
678 4152 741 4197 roda
751 4166 836 4198 maara
846 4151 929 4197 fuisse·
951 4154 993 4201 the
1004 4154 1082 4202 better
1099 4154 1172 4201 MSS.
1191 4154 1218 4199 ol
1235 4153 1318 4200 Cicero
1342 4152 1403 4199 hare
1421 4152 1532 4199 uumam'

338 4225 453 4267 testatur:
479 4223 504 4263 et
525 4216 688 4268 Quintilianus
707 4214 804 4276 quidem
831 4214 919 4261 diserte
952 4218 1135 4282 (Niebuhr).-⁴
1143 4218 1312 4265 intertrimenti
1323 4216 1338 4262 :'
1362 4216 1417 4263 Vol.
1431 4216 1452 4263 1.
1463 4215 1533 4263 Ver-r.

337 4282 412 4328 tradit
420 4282 448 4343 (i.
459 4295 480 4327 c.
493 4278 520 4342 7)
539 4280 678 4328 Ciceronem
695 4278 789 4325 literam
809 4279 826 4325 S
843 4280 917 4339 gemi-
950 4282 1090 4339 ii.1.e.ao;
1102 4280 1532 4337 andTerenoe,Heautou.url.³9:

338 4359 409 4391 name
419 4345 513 4405 quoties
530 4344 608 4391 media
618 4343 733 4390 vocalium
745 4344 868 4404 longarum
880 4344 918 4389 vel

338 4408 447 4469 subjecta
452 4408 537 4468 longae
543 4415 613 4465 esset,
620 4408 701 4469 itaque
712 4422 818 4464 mae,
826 4422 916 4463 emar,
990 4410 1005 4435 ‘⁶
1015 4406 1088 4454 Nunc
1098 4420 1173 4467 quum
1185 4406 1237 4452 siue
1248 4418 1336 4465 magno
1353 4403 1533 4451 intertrimento

338 4472 478 4520 usnam
487 4470 635 4534 suipsius?
669 4472 741 4519 Aeto
760 4471 915 4534 ‘reprendit’
1079 4484 1127 4517 non
1138 4475 1220 4531 potest

337 4550 372 4585 ve
383 4536 443 4585 hare
462 4536 504 4585 the
519 4537 632 4585 evidence
646 4536 675 4583 oi
690 4536 732 4584 the
742 4536 915 4597 grammariana
1014 4534 1113 4591 tlabcri,
1123 4534 1217 4597 quidvis
1227 4532 1284 4581 dara
1295 4528 1389 4595 cupis.''
