3517 5325
618 469 798 536 ΗΑΒΙΤΟ
821 469 925 538 oAP.
947 475 1085 538 26-28.
1377 479 1441 542 323

244 637 284 702 In
308 635 473 702 consilium
491 645 583 704 erant
606 639 682 704 ituri
701 641 828 724 judices
854 662 966 706 xxxrr.
1012 643 1188 708 Sententiis
1207 665 1266 706 xvr
1285 645 1442 712 absolutio

242 735 355 800 confici
377 741 515 821 poterat.
562 737 772 824 Quadragena
794 739 891 802 millia
915 761 1079 804 nummum
1099 740 1133 803 in
1154 740 1296 826 singulos
1314 743 1442 826 judices

242 833 413 900 distributa
433 855 506 897 cum
532 855 697 900 numerum
722 836 955 902 sententiarum
974 837 1130 901 conticere
1152 839 1322 917 debebant,
1343 847 1381 905 ut
1399 840 1442 904 ad

242 931 401 997 cumulum
419 953 475 1015 spe
484 932 640 1014 majorum
654 933 863 1018 praemiorum
872 933 972 1019 ipsius
988 935 1111 1000 Staieni
1119 938 1280 1001 sententia
1293 939 1441 1022 septima-

242 1029 365 1094 decima
376 1029 553 1094 accederet.
598 1029 708 1114 Atquc
722 1030 820 1095 etiam
835 1053 911 1096 casu
930 1039 1008 1109 tum,
1026 1033 1110 1117 quod
1129 1033 1206 1096 illud
1228 1045 1357 1118 repente
1371 1042 1442 1100 erat

241 1125 373 1201 factum,
405 1124 555 1188 Staienus
583 1124 650 1210 ipsc
675 1147 740 1190 non
764 1128 887 1193 aderat.
934 1128 1086 1193 (laussam
1110 1130 1335 1216 nescioquam
1357 1131 1442 1216 apud

237 1223 379 1308 judicem
393 1223 592 1288 defendebat.
640 1223 750 1288 Facile
763 1225 822 1290 hoc
845 1225 987 1290 Habitus
997 1226 1192 1311 patiebatur,
1206 1228 1299 1292 facile
1316 1228 1441 1293 Ganna-

242 1320 329 1394 tius;
365 1327 487 1384 utnon
509 1319 704 1405 Oppianicus
726 1344 825 1408 neque
850 1329 1005 1410 patronus
1027 1325 1097 1408 ejus
1124 1324 1161 1388 L.
1184 1324 1352 1404 Quintium
1388 1325 1442 1410 qui

243 1439 340 1502 quum
355 1425 440 1482 esset
454 1417 506 1482 illo
522 1425 665 1504 tempore
684 1420 832 1486 tribunus
853 1420 963 1504 plebis,
977 1422 1153 1486 convicium
1168 1421 1205 1486 (l.
1221 1422 1245 1485 J
1247 1423 1330 1498 unio,
1343 1423 1443 1508 judici

243 1514 447 1599 quaestionis,
470 1515 642 1580 maximum
661 1517 746 1596 lecit,
763 1524 801 1582 ut
820 1537 860 1580 ne
879 1517 948 1582 sine
968 1518 1062 1584 Aelio
1084 1519 1117 1582 in
1136 1519 1300 1584 consilium
1321 1520 1440 1584 iretur:

242 1635 402 1698 quumque
416 1613 449 1676 id
464 1611 494 1676 ei
512 1635 569 1698 per
584 1614 721 1679 viatores
736 1615 882 1680 consulto
896 1615 1111 1700 negligentius
1125 1617 1178 1701 agi
1192 1617 1361 1694 rideretur,
1374 1616 1443 1701 ipse

171 1781 179 1794 ‚
243 1733 261 1775 c
290 1711 416 1795 publico
438 1710 558 1794 judicio
583 1713 624 1776 ad
645 1711 803 1797 privatum
831 1712 953 1776 Staieni
972 1713 1127 1796 judicium
1145 1715 1311 1799 proiectus
1333 1720 1392 1790 est,
1408 1719 1443 1776 et

242 1807 320 1871 illud
345 1830 403 1894 pro
426 1815 588 1893 potestate
603 1809 721 1873 dimitti
740 1809 859 1894 jussit3
887 1809 1053 1876 Staienum
1068 1810 1136 1896 ipse
1155 1811 1197 1874 ad
1217 1810 1368 1876 subsellia
1386 1811 1442 1876 ad·

243 1905 346 1970 duxit.
402 1903 613 1990 Consurgitur
641 1905 674 1970 in
702 1906 875 1984 consilium,
907 1929 1004 1992 quum
1032 1908 1209 1972 sententias
1238 1907 1442 1994 Oppianicus,

244 2011 405 2089 quactum
421 2009 491 2072 erat
501 2011 656 2087 potestas,
679 2005 784 2089 palam
798 2004 873 2070 ferri
888 2005 967 2070 velle
982 2005 1126 2079 dixisset,
1142 2014 1179 2070 ut
1195 2005 1345 2071 Staienus
1359 2005 1442 2070 scire

244 2109 353 2188 posset
367 2101 442 2186 quid
464 2101 578 2187 cuique
600 2103 781 2166 deberetur.
826 2101 928 2170 Varia
950 2103 1092 2187 judicum
1114 2124 1252 2188 genera:
1275 2101 1444 2169 nummarii

243 2199 344 2286 pauci,
361 2200 417 2263 sed
432 2221 541 2264 omnes
556 2199 639 2266 irati.
685 2201 736 2266 Ut
750 2201 804 2286 qui
826 2202 972 2288 accipere
993 2202 1026 2265 in
1048 2223 1161 2286 campo
1183 2207 1387 2275 consuerunt,
1403 2200 1443 2264 iis

243 2297 421 2362 candidatis
446 2319 579 2382 quorum
608 2320 754 2364 nummos
783 2321 972 2384 suppressos
996 2319 1066 2362 esse
1095 2304 1212 2382 putant
1236 2297 1443 2362 inimicissimi

243 2395 348 2460 solent
361 2417 455 2469 esse;
479 2394 525 2459 sic
540 2395 696 2478 ejusmodi
708 2395 836 2478 judices
851 2395 959 2460 inlcsti
973 2403 1043 2460 tum
1058 2415 1112 2457 reo
1127 2401 1290 2458 venerant.
1305 2465 1317 2480 Ι,
1335 2393 1442 2456 Ceteri

243 2492 501 2558 nocentissimum
531 2513 599 2556 esse
628 2492 876 2571 arbitrabantur,
906 2493 964 2556 sed
1000 2490 1230 2574 exspectabant
1265 2490 1443 2554 sententias

242 2611 352 2655 eorum
385 2610 465 2673 quos
487 2595 655 2673 corruptos
680 2589 849 2672 putabant,
879 2595 917 2652 ut
942 2609 982 2652 ex
1011 2587 1050 2651 iis
1073 2585 1306 2650 constituerent
1334 2607 1355 2648 a
1379 2607 1442 2672 quo

238 2687 395 2773 judicium
424 2692 607 2769 corruptum
636 2686 804 2749 videretur.
868 2683 1049 2747 XXVIII.
1086 2683 1174 2747 Ecce
1202 2682 1263 2747 tibi
1288 2684 1443 2768 ejusmodi

243 2782 370 2847 sortitio
386 2790 423 2847 ut
443 2782 476 2846 in
490 2782 601 2867 primis
614 2781 718 2845 Bulbo
733 2789 767 2846 et
783 2780 915 2845 Staieno
933 2789 967 2847 et
982 2781 1105 2845 Guttae
1120 2787 1206 2845 esset
1224 2779 1441 2863 judicandum.

244 2882 376 2946 Summa
400 2881 540 2945 omnium
561 2880 759 2966 exspectatio
782 2880 933 2965 quidnam
951 2878 1131 2945 sententiae
1151 2878 1273 2943 ferrent
1294 2879 1379 2943 leves
1402 2900 1443 2943 ac

242 3067 312 3116 could
323 3067 415 3128 declaro
426 3066 480 3113 that
490 3066 532 3114 the
543 3070 631 3115 matter
641 3082 689 3115 was
704 3066 777 3129 ready
787 3066 825 3113 ior
856 3065 972 3113 direction
983 3064 1060 3113 ottho
1071 3064 1192 3127 presidiag
1199 3064 1281 3125 judgs.

241 3133 284 3180 the
294 3132 400 3180 deciam
411 3132 439 3179 oi
446 3132 488 3178 the
499 3130 604 3179 Iudices.
638 3131 735 3180 Classen
750 3131 824 3179 refers
883 3131 966 3192 judici
976 3128 1143 3192 quaeritante]
1163 3128 1208 3177 See
1225 3128 1280 3177 Vol.
1292 3128 1314 3176 1.
1331 3127 1400 3177 Verr.
1416 3128 1442 3178 li.

242 3201 268 3245 to
279 3214 300 3245 o.
311 3200 343 3247 00
354 3212 380 3245 ιι
391 3196 504 3245 evidence
514 3197 567 3245 that
584 3196 626 3244 the
641 3212 739 3245 manser
755 3195 825 3243 could
859 3196 882 3243 Ι.
894 3210 915 3243 c.
926 3197 967 3251 ol,
979 3200 1052 3252 aote3
1068 3194 1117 3241 sud
1128 3194 1174 3241 Pro
1186 3193 1307 3249 Cluentio.
1319 3208 1339 3241 c
1351 3196 1392 3242 00.

241 3262 315 3309 inrita
331 3262 372 3309 the
382 3260 479 3309 Iudices
498 3262 548 3309 ‘ire
564 3262 589 3308 in
603 3261 746 3317 consilium‚’
757 3266 784 3309 to
794 3275 825 3322 go
889 3259 974 3322 Aelio]
995 3259 1079 3307 Ihare
1085 3258 1195 3307 followed
1205 3258 1304 3307 Classen
1315 3259 1380 3307 here.
1414 3258 1443 3307 P.

241 3326 289 3373 and
300 3326 409 3373 consider
419 3324 482 3373 their
497 3325 594 3373 rerdlot.
629 3326 654 3373 It
670 3342 725 3389 may
736 3326 767 3373 he
782 3326 825 3373 ed-
857 3324 901 3373 has
910 3324 983 3382 ‘illo,’
994 3324 1072 3372 which
1083 3323 1164 3370 Baiter
1174 3322 1219 3370 has
1229 3322 1255 3370 in
1270 3322 1308 3370 his
1319 3328 1379 3371 text
1411 3322 1442 3371 Τ.

241 3390 327 3437 mitted
337 3390 390 3439 that
400 3391 442 3439 the
453 3389 613 3453 prosecutor's
625 3391 739 3439 adamis
755 3390 825 3439 could
858 3389 902 3439 has
912 3386 1166 3438 Aeliu-‘ratonem’
1182 3387 1241 3451 they
1260 3402 1322 3435 nere
1343 3402 1443 3449 persons

241 3454 315 3503 inrita
326 3455 400 3513 them,
412 3455 602 3504 bntwecannot
616 3471 719 3519 suppose
731 3456 825 3504 thathe
857 3454 912 3503 who
927 3454 1018 3503 canied
1036 3467 1186 3501 summonses
1197 3452 1370 3501 audtlr'elike:
1393 3453 1443 3501 “A

242 3518 312 3566 could
323 3518 354 3566 do
366 3532 440 3567 more.
474 3518 499 3566 Il
514 3520 556 3568 ths
572 3520 670 3569 JudIces
687 3522 735 3570 had
750 3519 823 3568 heard
855 3520 913 3567 villa
929 3520 955 3567 in
973 3523 1083 3567 senatum
1094 3516 1274 3565 arcessebantur
1283 3525 1309 3565 et
1319 3517 1406 3565 Curias
1417 3522 1444 3565 et

241 3584 344 3645 enough,
354 3583 412 3645 they
423 3584 501 3645 might
515 3586 631 3648 probably
642 3591 824 3635 mamnttors·
857 3584 930 3633 ceteri
948 3598 1026 3641 ames,
1048 3597 1077 3631 ex
1096 3596 1145 3645 quo
1167 3582 1208 3645 qui
1229 3596 1271 3631 eos
1291 3582 1444 3631 noessehant

240 3647 287 3693 tire
297 3646 345 3693 and
353 3648 460 3694 consider
466 3648 528 3695 their
536 3649 633 3697 rer-dict.
655 3651 707 3699 The
714 3664 825 3698 common
858 3650 959 3697 viatores
969 3647 1086 3695 nominati
1096 3646 1179 3695 sunt”
1197 3645 1248 3710 (Do
1259 3647 1353 3695 Senect
1360 3662 1381 3693 c.
1391 3647 1442 3708 10.)

241 3709 524 3773 ιοιιιιιιγὴοωπιιρῑς
541 3712 586 3760 hat
601 3712 757 3762 stilllthink
772 3714 826 3761 that
859 3718 952 3774 -‘pro
963 3710 1443 3775 potestate2’thatis,his⁴potestas'as

242 3772 377 3833 something
387 3788 435 3821 was
446 3774 497 3823 said
508 3775 582 3825 about
591 3779 634 3825 the
644 3779 748 3827 Iudicas.
773 3778 826 3825 'l'he
857 3777 963 3825 tritona
995 3776 1043 3824 We
1061 3780 1127 3823 must
1141 3790 1245 3836 suppum
1266 3776 1320 3822 that
1340 3775 1383 3822 tho
1399 3775 1442 3821 tri·

243 3836 365 3883 Scholium
376 3837 403 3883 ol
412 3838 537 3895 AsoonIus,
548 3855 576 3888 or
590 3842 632 3888 the
646 3842 826 3890 Pseudo-Asso·
858 3841 924 3888 hune
935 3840 1006 3887 could
1016 3840 1048 3887 do
1058 3840 1124 3886 what
1135 3838 1225 3885 hadid.
1244 3838 1283 3885 He
1294 3837 1364 3885 could
1372 3838 1444 3899 bring

240 3902 304 3957 ntus,
316 3914 348 3947 on
359 3899 401 3947 the
411 3900 458 3948 last
468 3902 566 3965 chapter
577 3905 604 3951 ol'
612 3906 793 3954 thefirstAclio
801 3906 827 3953 in
860 3904 971 3953 Suionas
989 3908 1016 3950 to
1030 3904 1068 3951 his
1087 3902 1282 3964 duty.-‘palam
1298 3902 1376 3949 lerrir'
1394 3902 1443 3949 this

241 3965 349 4021 Verrem·
361 3980 393 4012 cn
404 3965 447 4013 the
457 3966 523 4013 word
534 3968 599 4025 Dixi,
611 3970 631 4017 n
641 3971 707 4019 this:
725 3975 740 3998 ‘⁸
749 3970 825 4017 Morta
857 3984 921 4031 open
931 3968 1014 4029 roting
1025 3968 1095 4015 could
1111 3967 1142 4013 bs
1158 3966 1222 4014 done
1231 3966 1297 4022 thera,
1308 3982 1336 4013 as
1346 3966 1377 4013 hs
1387 3966 1444 4014 tells

240 4034 348 4077 veterum
360 4028 413 4086 luit,
425 4044 479 4076 cnm
497 4030 555 4077 satis
565 4032 643 4080 visum
656 4038 719 4081 esset
730 4034 826 4081 fluxisse
857 4048 902 4090 us;
919 4032 964 4079 hut
974 4038 1018 4078 not
1032 4037 1058 4079 st
1074 4032 1117 4078 the
1132 4030 1191 4077 time
1207 4030 1276 4077 when
1291 4030 1341 4078 this
1357 4030 1443 4093 speech

241 4093 378 4151 amborum,
391 4093 453 4141 hanc
469 4094 514 4141 sihi
531 4096 695 4145 necessitatem
707 4097 824 4143 finiendae
857 4112 905 4144 was
916 4095 1042 4143 delivered.
1061 4095 1118 4156 (See
1129 4108 1150 4141 c.
1162 4093 1214 4156 ²0.)

239 4159 355 4207 orationis
364 4158 495 4220 imponere,
507 4158 647 4208 utdioerant
657 4162 823 4209 adultimurur
890 4164 930 4209 00.
946 4160 1056 4222 sortitio]
1075 4158 1129 4206 Tho
1144 4157 1270 4215 ‘mulitia'
1286 4173 1313 4206 as
1327 4158 1370 4206 the
1385 4172 1443 4205 oon·

240 4222 314 4271 Dixi:
332 4222 396 4285 qnod
407 4222 517 4271 etiamab
529 4228 629 4287 utraque
640 4232 708 4286 parte
718 4226 826 4274 oratione
857 4230 911 4273 text
921 4225 1006 4281 shows,
1018 4222 1166 4271 demrmmed
1180 4222 1222 4269 the
1238 4223 1309 4271 order
1324 4224 1350 4270 in
1365 4223 1444 4271 which

239 4292 391 4349 consumpta,
408 4293 436 4335 ut
452 4288 478 4335 in
495 4288 620 4336 masiliam
638 4288 825 4345 dimitterentur,
858 4290 901 4338 the
928 4287 1047 4351 ‘judiees'
1075 4286 1161 4335 should
1188 4292 1251 4335 rote.
1292 4288 1444 4335 ‘Nummarii

239 4367 325 4414 praeco
334 4352 421 4400 soleret
428 4353 596 4413 pronuntiare:
610 4352 754 4402 Dixeruut.”
771 4353 824 4401 The
854 4354 962 4417 judices'
974 4370 1014 4401 are
1024 4352 1123 4402 Jndioes
1133 4351 1188 4398 who
1203 4352 1265 4399 have
1277 4352 1339 4399 been
1351 4352 1442 4400 bribed.

238 4417 303 4465 word
316 4416 432 4479 ‘puero'
443 4418 464 4465 is
480 4433 511 4465 an
530 4418 692 4480 emendation,
706 4418 754 4465 aad
769 4433 825 4481 pro·
856 4425 897 4455 -¹
906 4418 1025 4467 dubitatio
1059 4415 1181 4465 oidmmd
1199 4417 1245 4465 See
1262 4417 1318 4465 Vol.
1335 4416 1358 4465 1.
1375 4417 1443 4465 Verr.

239 4478 361 4543 bablytha
371 4480 436 4543 right
447 4496 500 4531 one.
526 4482 645 4545 Comma
656 4482 724 4533 Verr.
736 4484 825 4533 itae.
857 4484 883 4531 ii.
891 4487 917 4533 t.
927 4499 949 4533 c.
961 4486 1025 4540 7.-’
1059 4498 1091 4531 on
1102 4481 1218 4545 liquere?
1235 4480 1281 4531 See
1292 4480 1377 4531 Index.

238 4545 279 4593 00.
312 4546 362 4594 But
372 4545 415 4594 the
426 4546 539 4611 ‘praeco'
550 4548 629 4597 rouo
643 4553 683 4599 act
693 4548 770 4599 nuder
783 4548 827 4597 the

808 4615 871 4676 r2
