3517 5325
348 484 412 548 356
652 479 787 548 ORAT.
815 479 907 546 PRO
933 479 977 546 A.
1000 477 1240 546 GLUENTIO

348 651 447 717 ceteri
470 658 578 716 autem
606 659 681 716 sunt
711 651 837 716 ordines
866 651 1000 726 liberati,
1025 651 1107 715 hanc
1132 650 1235 736 ipsam
1259 649 1371 733 legem,
1399 668 1446 712 us
1474 668 1555 716 unrs

348 769 483 813 snn1c10
509 770 854 826 crscnnrvnrunnrns,
882 747 919 813 O.
943 749 1109 813 Gracchus
1134 748 1228 812 tulit:
1262 769 1335 811 eam
1361 746 1465 830 legem
1494 767 1555 831 pro

348 846 448 932 plebe,
465 868 528 911 non
543 846 575 910 in
590 847 713 931 plebem
727 847 813 912 tulit.
859 845 980 911 Postea
1003 846 1040 910 L.
1058 845 1153 924 Sulla,
1170 845 1266 910 homo
1280 868 1301 908 a
1315 844 1424 930 populi
1438 865 1556 908 caussa

347 943 585 1022 remotissimus,
600 951 708 1009 tamen
723 967 820 1030 quum
835 945 904 1028 ejus
919 944 965 1008 rei
979 943 1197 1028 quaestionem
1211 943 1272 1008 hac
1293 943 1364 1028 ipsa
1385 943 1455 1028 lege
1476 964 1553 1006 con-

347 1041 500 1106 stitueret
514 1063 578 1126 qua
591 1063 647 1106 vos
661 1041 722 1106 hoc
737 1049 879 1127 tempore
899 1040 1061 1126 judicatis,
1076 1040 1227 1126 populum
1250 1040 1439 1119 Romanum,
1455 1061 1553 1125 quem

347 1138 390 1202 ab
413 1139 473 1202 hoc
496 1161 612 1224 genere
634 1139 766 1204 liberum
789 1146 966 1224 acceperat,
981 1138 1112 1222 alligare
1126 1160 1209 1202 novo
1223 1138 1419 1223 quaestionis
1432 1158 1552 1223 genere

347 1257 444 1301 ausus
458 1259 521 1300 non
536 1244 596 1301 cst.
642 1237 734 1318 Quod
748 1237 776 1300 si
790 1237 858 1302 lieri
874 1259 967 1322 posse
981 1236 1207 1314 existimasset,
1223 1258 1281 1322 pro
1302 1235 1356 1299 illo
1376 1235 1450 1300 odio
1465 1233 1551 1319 quod

347 1333 460 1398 habuit
475 1333 506 1397 in
522 1341 701 1420 equestrem
723 1335 873 1414 ordinem,
890 1334 969 1397 nihil
988 1333 1118 1399 lecisset
1137 1333 1286 1397 libentius
1306 1353 1401 1418 quam
1423 1353 1551 1396 omnem

348 1431 433 1496 illam
443 1432 651 1497 acerbitatem
662 1433 902 1518 proscriptionis
912 1453 997 1509 susc,
1007 1454 1072 1518 qua
1081 1439 1132 1496 est
1145 1453 1223 1496 usus
1233 1432 1267 1495 in
1277 1438 1402 1495 veteres
1412 1430 1548 1514 judices,

348 1529 382 1592 in
396 1530 479 1594 hanc
494 1551 589 1594 unam
604 1530 821 1616 quaestionem
833 1529 1031 1595 contulisset.
1069 1528 1138 1594 Nee
1149 1551 1233 1594 nunc
1248 1528 1419 1615 quidquam
1429 1526 1547 1611 agitur,

348 1627 429 1690 mihi
445 1628 573 1704 credite,
586 1627 719 1712 judices,
736 1635 771 1693 et
785 1627 956 1714 prospicite
970 1628 1003 1690 id
1017 1627 1104 1712 quod
1118 1627 1346 1712 providendum
1360 1631 1419 1703 est,
1436 1623 1497 1687 nisi
1511 1631 1550 1688 ut

349 1731 497 1808 equester
511 1725 589 1788 ordo
612 1724 644 1788 in
666 1725 797 1809 hujusce
818 1725 898 1812 legis
912 1725 1085 1810 periculum
1100 1725 1316 1790 concludatur.
1360 1723 1472 1808 Neque
1487 1722 1550 1786 hoc

349 1821 455 1904 agitur
469 1821 510 1884 ab
525 1822 680 1899 omnibus,
696 1823 753 1887 sed
775 1844 795 1886 a
816 1823 935 1909 paucis.
981 1822 1064 1886 Nam
1087 1822 1110 1886 ii
1133 1830 1298 1886 senatores
1320 1821 1375 1906 qui
1396 1843 1432 1884 se
1455 1819 1549 1883 iscile

349 1924 479 1982 tuentur
493 1917 678 2004 integritate
693 1927 728 1984 et
742 1918 933 1998 innocentia,
947 1921 1064 2006 quales,
1077 1931 1116 1985 ut
1129 1941 1203 1984 vere
1218 1919 1331 1998 dicam,
1342 1940 1399 1982 vos
1413 1917 1502 1992 estis,
1514 1923 1550 1980 et

349 2016 446 2080 ceteri
462 2015 514 2102 qui
529 2017 597 2080 sine
611 2018 785 2102 cupiditate
796 2018 953 2095 vixerunt,
965 2018 1090 2104 equites
1104 2018 1207 2084 ordini
1220 2015 1380 2082 senatorio
1391 2015 1549 2101 dignitate

348 2114 518 2199 proximos,
536 2115 705 2179 concordia
719 2115 996 2200 conjunctissimos
1010 2139 1080 2182 esse
1095 2116 1245 2202 cupiunt:
1273 2115 1330 2178 sed
1352 2113 1375 2177 ii
1398 2113 1453 2198 qui
1476 2135 1548 2178 sese

348 2213 457 2276 volunt
471 2233 564 2298 posse
579 2212 694 2290 omnia,
711 2233 811 2298 neque
826 2222 994 2298 praeterea
1008 2215 1180 2300 quidquam
1194 2234 1264 2276 esee
1285 2219 1343 2276 aut
1363 2210 1396 2274 in
1419 2211 1548 2274 homine

348 2309 412 2374 ullo
433 2317 491 2376 aut
513 2310 544 2374 in
567 2311 684 2388 ordine,
701 2311 761 2374 hoc
785 2332 848 2374 uno
872 2319 960 2376 metu
983 2333 1019 2376 se
1041 2317 1158 2397 putant
1183 2311 1306 2396 equites
1329 2309 1491 2372 Romanos
1514 2307 1550 2370 in

347 2414 541 2492 potestatem
555 2430 645 2472 suern
660 2409 854 2484 redacturos,
878 2409 907 2473 si
921 2409 1131 2474 constitutum
1154 2408 1197 2472 sit
1221 2413 1258 2472 ut
1280 2408 1320 2472 dc
1343 2407 1382 2470 iis
1403 2405 1458 2491 qui
1479 2427 1550 2469 rem

344 2505 526 2590 judicarent
541 2505 758 2589 hujuscemodi
769 2506 890 2591 judicia
903 2506 973 2571 fieri
987 2506 1120 2592 possint.
1147 2505 1269 2570 Vident
1279 2505 1362 2570 enim
1375 2503 1550 2568 auctorita·

347 2611 413 2669 tem
428 2603 520 2689 hujus
535 2603 654 2669 ordinis
669 2605 867 2683 continuam
892 2605 1000 2670 vident
1011 2603 1132 2690 judicia
1146 2603 1365 2691 conrprobari3
1387 2602 1449 2667 hoc
1459 2609 1550 2666 metu

347 2701 508 2786 proposito
532 2701 663 2767 evellere
686 2724 721 2767 se
744 2704 887 2768 aculeum
909 2701 1088 2767 severitatis
1110 2709 1236 2767 vestrae
1258 2723 1351 2787 posse
1371 2700 1548 2765 confidunt.

348 2798 427 2879 Quis
443 2798 526 2863 enim
541 2800 581 2863 de
596 2800 722 2865 homine
737 2802 854 2864 audeat
869 2800 973 2886 paullo
988 2800 1162 2885 majoribus
1183 2800 1296 2885 opibus
1314 2798 1459 2885 praedito
1474 2818 1549 2861 vere

345 2904 380 2961 et
393 2896 520 2962 sortiter
531 2897 685 2981 judicare,
697 2919 795 2982 quum
810 2898 916 2971 rideat
930 2897 992 2961 sibi
1007 2898 1047 2961 de
1062 2919 1101 2960 eo
1116 2897 1203 2982 quod
1218 2896 1329 2961 coierit
1342 2903 1399 2959 aut
1414 2916 1548 2959 consen·

345 2994 424 3059 serit
438 3016 583 3059 caussam
604 3016 673 3059 esse
696 2995 882 3058 dicendam?
928 2993 1021 3059 LVI.
1045 2993 1074 3057 0
1098 2994 1182 3059 viros
1203 2996 1312 3071 fortes,
1336 2993 1459 3078 equites
1481 2992 1548 3055 Ro-

346 3112 465 3170 manos,
486 3092 539 3177 qui
561 3092 680 3157 homini
705 3091 877 3156 clarissimo
899 3112 937 3157 ac
960 3091 1184 3178 potentissimo
1212 3092 1261 3157 M.
1285 3090 1393 3155 Druso
1416 3090 1547 3187 tribuno

380 3276 405 3325 0.
429 3276 555 3337 Gracchus
587 3276 616 3326 C.
634 3276 789 3339 Sempronius
807 3276 929 3327 Gracchus
962 3277 1096 3327 Manutius.
1128 3274 1496 3339 recussuswqmetus’

344 3340 393 3387 had
411 3340 500 3387 carried
520 3355 534 3387 a
589 3356 605 3388 a
623 3340 700 3388 which
721 3342 840 3404 punisbed
859 3344 929 3391 those
994 3344 1024 3391 de
1035 3344 1066 3390 ir'a
1077 3344 1119 3404 pai
1135 3358 1187 3390 rem
1197 3341 1354 3403 Juds'careat]
1374 3340 1402 3389 Ρ.
1419 3341 1547 3389 Manutius

343 3404 398 3450 who
408 3403 523 3465 procrned
534 3418 565 3450 an
582 3405 695 3452 innocent
705 3404 783 3454 man’s
793 3408 928 3455 conviction
960 3421 1015 3469 says
1035 3407 1090 3455 that
1109 3407 1152 3454 the
1174 3406 1250 3454 'ratio
1268 3406 1420 3468 temporum'
1439 3406 1547 3467 requiras

342 3466 375 3528 hy
386 3466 436 3513 foul
447 3482 536 3515 means.
569 3468 629 3516 'l'hia
644 3470 665 3517 ia
681 3470 724 3517 the
740 3470 790 3518 Lex
807 3471 836 3518 ol
849 3472 927 3519 which
960 3471 1119 3532 ‘judicarint'
1130 3471 1179 3519 and
1195 3471 1276 3519 Baiter
1292 3471 1335 3518 has
1353 3470 1449 3533 printed
1467 3475 1474 3497 ⁸
1479 3470 1546 3530 judi·

343 3531 427 3579 cicero
438 3532 531 3593 speaks,
543 3536 598 3580 “no
609 3534 662 3595 quis
671 3534 760 3595 judicio
771 3534 927 3583 circumveni-
958 3535 1052 3584 carint'
1086 3537 1112 3583 lt
1127 3551 1210 3583 means
1227 3536 1298 3583 Groae
1315 3536 1372 3597 ‘qui
1387 3532 1545 3596 judioebant'

342 3594 435 3642 retur.”
457 3596 493 3643 M.
502 3596 585 3644 Lirim
594 3598 696 3655 Drusus,
705 3612 754 3646 uc.
766 3602 806 3657 92,
816 3600 863 3647 had
874 3601 926 3649 also
957 3601 1011 3648 who
1022 3615 1084 3648 were
1100 3599 1222 3661 ‘judices'
1238 3600 1287 3647 and
1302 3598 1421 3647 therefore
1438 3604 1445 3627 ⁸
1451 3598 1544 3661 iudica·

342 3659 433 3707 eanied
453 3675 468 3707 a
487 3660 538 3709 hex
560 3661 592 3724 by
611 3662 689 3710 which
709 3678 725 3710 a
746 3664 927 3716 umerum
957 3664 1140 3726 rent'isright.

341 3724 494 3773 established.
528 3725 643 3789 “Siquis
659 3726 691 3775 ob
707 3742 758 3775 rem
772 3728 926 3789 judicandam
990 3730 1031 3777 td.
1059 3730 1097 3776 Μ.
1119 3728 1215 3791 Druso]
1241 3728 1315 3776 Klots
1336 3728 1410 3776 refers
1431 3732 1458 3775 te
1479 3726 1544 3774 Vell.

342 3790 467 3851 pecuniam
483 3790 635 3852 accepisset''
654 3789 712 3869 (Pro
729 3792 811 3841 Rablr.
825 3794 891 3843 Post
904 3810 925 3842 c.
959 3792 1393 3855 Pacu.1e;sppisn,n.c.sss;
1411 3792 1464 3839 Lis.
1476 3791 1544 3853 Epit.

341 3852 378 3917 7).
411 3854 451 3901 ΔΙΙ
462 3855 504 3902 the
515 3855 592 3917 Leges
600 3856 629 3904 ol
637 3856 719 3904 Livius
729 3872 791 3905 were
801 3859 925 3920 repsaled;
957 3858 998 3914 7⁰·
1031 3858 1082 3905 But
1088 3858 1153 3905 what
1163 3858 1184 3905 ia
1194 3857 1286 3919 spoken
1297 3857 1325 3905 oi
1331 3857 1402 3905 there
1411 3856 1432 3904 is
1440 3871 1456 3903 a
1465 3856 1544 3903 differ-

340 3917 832 3971 bntL.Sullare-snactedthis1exSem
849 3925 925 3981 ronia,
957 3926 1000 3969 ent
1017 3922 1095 3984 thing.
1129 3922 1213 3970 Cicero
1233 3922 1344 3983 explains
1362 3920 1462 3968 himscli
1479 3921 1545 3968 bera.

340 3982 418 4030 which
440 3984 533 4032 formed
554 4000 569 4033 a
592 3986 690 4048 chapter
710 3986 737 4033 in
759 3987 796 4035 hia
860 4002 876 4036 x
897 3987 928 4035 de
960 3986 1063 4044 Drusus
1074 3987 1133 4034 with
1143 3985 1270 4034 theaidoi
1277 3986 1309 4033 all
1320 3986 1362 4033 the
1373 3984 1457 4033 nobles
1466 3984 1495 4032 of
1501 3984 1545 4032 the

341 4046 444 4095 filcariis.
959 4050 1026 4107 time,
1037 4051 1171 4113 attempted
1181 4056 1207 4098 to
1224 4050 1294 4111 bring
1304 4051 1347 4097 the
1357 4049 1458 4111 Equites
1469 4049 1545 4096 under

373 4112 399 4159 in
420 4116 511 4161 celem
525 4113 644 4176 judiees]
666 4114 719 4162 'l'be
740 4115 849 4178 Equites,
871 4117 926 4164 who
957 4130 973 4162 a
984 4115 1035 4164 hex
1048 4116 1170 4171 sebichus
1187 4114 1270 4163 Cicero
1287 4130 1349 4176 says,
1360 4114 1402 4161 did
1418 4119 1463 4161 not
1471 4113 1544 4175 apply

340 4190 401 4223 were
412 4176 454 4223 the
461 4176 548 4224 former
560 4179 685 4241 ‘equites'
697 4180 758 4227 from
769 4180 847 4227 whom
860 4180 927 4228 Sulla
958 4184 984 4227 to
994 4179 1068 4227 them
1092 4180 1208 4227 Graevius
1218 4178 1301 4227 snakes
1311 4185 1431 4239 estrange
1442 4176 1545 4224 blunder

340 4240 399 4286 took
416 4240 458 4288 tha
474 4256 561 4303 power.
596 4242 620 4289 lt
635 4258 683 4290 was
698 4244 726 4291 C.
739 4244 861 4291 Gracchus
872 4245 926 4293 rrho
958 4243 1024 4301 here,
1036 4245 1106 4291 when
1116 4244 1148 4292 he
1163 4259 1218 4305 says
1234 4244 1288 4290 that
1306 4241 1449 4290 ‘nobilitas’
1461 4255 1543 4289 meana

339 4304 761 4369 gavethisofficetoths¹equitss‚’
777 4308 853 4355 which
866 4310 923 4371 they
956 4308 1013 4370 only
1042 4309 1198 4357 “claritatsm
1225 4308 1327 4369 generis,
1355 4322 1405 4353 non
1433 4306 1543 4353 homines

339 4368 394 4415 held
406 4368 480 4416 about
491 4370 544 4431 fifty
553 4386 628 4431 years,
636 4372 673 4418 till
685 4372 751 4419 Sulla
761 4372 819 4420 toolr
831 4374 850 4421 it
862 4373 923 4421 hom
956 4372 1184 4434 ipscaclarigenuis
1192 4372 1217 4429 ;”
1225 4372 1349 4419 amistalse
1355 4370 1434 4417 which
1442 4370 1543 4418 Cluen

338 4431 413 4479 them.
448 4433 477 4480 ln
495 4433 583 4481 Sulls¹s
600 4436 653 4483 first
663 4436 820 4497 proscription
831 4438 924 4486 sixteen
956 4436 1307 4497 comethichauyreader
1323 4435 1352 4484 oi
1367 4435 1451 4483 cisso
1464 4434 1543 4495 might

338 4494 446 4543 hundred
464 4496 564 4559 Equites
574 4500 686 4559 perished
697 4500 812 4563 (Appiam
824 4502 854 4549 B.
866 4502 924 4550 (λί.
956 4506 1048 4549 correct
1064 4501 1145 4564 (Ver-r.
1162 4502 1187 4548 ii.
1198 4504 1253 4548 tc.
1271 4502 1317 4556 πε
1340 4500 1402 4547 ‘ista
1419 4498 1542 4560 praeclara

338 4556 390 4620 95)-
425 4560 627 4613 'Quaestusus’
643 4563 665 4611 la
680 4578 696 4611 a
711 4566 882 4615 amedeum
897 4567 923 4617 Ρ.
956 4565 1109 4629 nobilitas');
1125 4564 1428 4623 sodomama.
