3517 5325
332 475 398 539 301
646 469 782 536 ORAT.
807 467 899 532 PRO
923 467 966 532 A.
989 465 1229 533 OLUENTIO

330 641 522 728 concupivit.
568 638 689 705 Utrum
704 639 918 726 impudentior·
932 639 984 703 hic
1006 639 1060 724 991
1082 639 1233 724 postulet,
1250 659 1292 702 99
1313 639 1472 704 crudelior
1485 641 1542 706 illa

330 741 358 804 si
387 741 497 817 nnbat,
529 737 655 802 difficile
679 737 768 801 dictu
791 745 852 802 cst.
898 737 962 800 Sed
985 744 1094 802 tamen
1118 735 1284 821 utriusque
1306 735 1542 803 humanitatem

330 837 606 921 constantiamque
621 834 816 920 cognoscito.
862 834 954 898 Petit
969 833 1166 919 Oppianicus
1180 841 1217 898 nt
1231 834 1293 898 sibi
1303 835 1413 898 Sassia
1426 838 1537 902 nnbat

330 948 363 1001 et
378 936 411 998 id
432 954 548 1018 magno
565 954 660 1017 opere
675 931 851 996 contendit.
899 931 959 994 Illa
969 938 1076 995 autem
1091 952 1155 994 non
1169 931 1347 995 admiratur
1359 933 1536 1012 audaciam,

328 1056 392 1097 non
406 1031 633 1116 impudentiam
655 1037 851 1114 aspernatur,
873 1051 937 1093 non
959 1029 1095 1113 denique
1112 1027 1197 1091 illam
1220 1028 1386 1114 Oppianici
1408 1031 1539 1095 domum

328 1131 386 1194 viri
409 1131 459 1194 sui
484 1128 638 1214 sanguine
656 1129 886 1192 redundantem
906 1127 1109 1190 reformidat:
1133 1127 1191 1190 sed
1212 1128 1297 1211 quod
1317 1128 1450 1192 haberet
1469 1137 1538 1193 tres

327 1229 380 1296 ille
395 1227 486 1304 filios,
504 1227 624 1290 idcirco
639 1247 674 1288 se
688 1227 729 1289 ab
744 1225 793 1288 his
808 1224 929 1310 nuptiis
937 1225 1109 1288 abhorrere
1117 1225 1293 1310 respondit.
1338 1224 1538 1311 Oppianicus

328 1327 381 1414 qui
391 1325 556 1412 pecuniam
570 1323 696 1387 Sassiae
705 1322 946 1408 concupivisset
960 1323 1055 1386 domo
1064 1321 1124 1385 sibi
1135 1323 1349 1416 quaerendum
1360 1324 1537 1388 remedium

327 1424 521 1489 existimavit
545 1423 679 1485 adeam
696 1442 818 1484 moram
841 1441 923 1504 quae
947 1419 1066 1503 nuptiis
1084 1419 1286 1485 afferebatur.
1332 1421 1417 1484 Nam
1436 1443 1536 1506 quum

326 1523 460 1586 haberet
481 1543 521 1585 ex
549 1520 652 1584 Novia
675 1519 827 1582 infantem
847 1517 955 1595 filium,
980 1518 1063 1582 alter
1084 1525 1193 1582 autem
1216 1518 1286 1602 ejus
1311 1518 1404 1594 filius,
1430 1519 1535 1603 Papia

326 1627 431 1698 natus,
450 1618 550 1682 Teani
568 1618 674 1703 Apuli,
691 1617 776 1702 quod
790 1617 885 1679 abest
898 1637 919 1678 a
935 1613 1053 1678 Larino
1068 1637 1158 1678 xv111
1169 1615 1267 1679 millia
1275 1637 1435 1701 passuum,
1447 1619 1535 1702 apud

326 1725 462 1782 matrem
485 1717 684 1791 educaretur,
715 1714 849 1778 arcessit
873 1713 981 1777 subito
1002 1714 1071 1777 sine
1100 1735 1214 1778 caussa
1241 1735 1375 1798 puemm
1397 1715 1530 1790 Tean03

327 1815 412 1899 quod
426 1815 532 1878 facere
547 1812 608 1876 nisi
622 1812 705 1875 ludis
727 1811 860 1896 publicis
881 1818 940 1875 aut
961 1810 1052 1875 festis
1071 1810 1182 1875 diebus
1203 1819 1299 1876 autea
1317 1834 1381 1875 non
1396 1812 1532 1878 solebat.

330 1911 438 1975 Mater
455 1912 571 1974 misera
593 1909 670 1974 nihil
690 1909 764 1972 mali
786 1909 952 1994 suspicans
973 1908 1084 1974 mittit.
1131 1909 1189 1973 1119
1210 1931 1247 1974 se
1269 1909 1443 1974 Tarentum
1458 1933 1533 1996 pro-

327 2009 426 2073 ficisci
441 2031 537 2094 9999
559 2007 748 2084 simulasset,
771 2029 809 2070 eo
832 2006 900 2092 ipso
922 2007 974 2069 die
993 2028 1080 2092 puer,
1097 2028 1194 2091 9999
1215 2007 1382 2072 undecima
1403 2009 1483 2072 hora
1496 2009 1532 2073 in

327 2107 455 2192 publico
469 2105 578 2169 valens
592 2105 678 2168 visus
692 2111 788 2180 esset,
805 2113 881 2169 ante
896 2112 1024 2168 noctem
1045 2113 1192 2169 mortuus
1213 2113 1248 2170 et
1269 2105 1425 2191 postridie
1438 2114 1531 2171 ante·

328 2226 422 2289 quam
437 2204 557 2268 luceret
572 2203 755 2267 combustus
769 2210 829 2267 est.
875 2204 988 2286 Atque
1003 2203 1087 2266 hunc
1101 2210 1229 2267 tantum
1243 2225 1419 2267 maerorem
1433 2205 1531 2269 matri

326 2303 414 2387 prius
437 2301 599 2366 hominum
618 2323 727 2364 rumor
746 2322 840 2386 quam
863 2301 1029 2386 quisquam
1049 2323 1090 2364 ex
1115 2300 1283 2386 Oppianici
1304 2302 1424 2365 familia
1447 2323 1531 2366 999-

326 2399 430 2464 tiavit.
476 2399 536 2462 Illa
550 2421 648 2484 quum
662 2421 725 2462 uno
745 2407 889 2484 tempore
910 2399 1054 2463 audisset
1075 2398 1135 2461 sibi
1157 2421 1220 2462 non
1239 2400 1341 2463 solum
1355 2400 1455 2463 lilium
1468 2402 1529 2464 sed

326 2497 423 2563 etiam
444 2497 666 2582 exsequiarum
689 2517 803 2560 99999
817 2511 973 2580 ereptum,
992 2495 1144 2559 Larinum
1162 2497 1331 2560 confestim
1345 2497 1529 2562 exanimata

325 2595 422 2673 venit,
439 2603 472 2659 91
487 2595 530 2658 ibi
547 2595 586 2658 de
601 2595 727 2680 integro
743 2593 838 2657 funus
850 2595 918 2679 jam
932 2594 1058 2679 sepulto
1077 2593 1142 2657 lilio
1157 2593 1245 2658 19911.
1292 2593 1372 2658 Dies
1387 2595 1529 2659 nondum

325 2696 433 2758 decem
449 2694 695 2758 intercesserant
710 2692 872 2777 99991119
887 2694 969 2758 alter
990 2692 1072 2756 filius
1094 2693 1199 2757 infans
1220 2702 1364 2758 necatur.
1410 2694 1527 2779 ltaque

324 2790 417 2858 nubit
433 2792 604 2878 Oppianico
620 2792 771 2856 continuo
788 2792 897 2855 Sassia
911 2791 1045 2855 laetanti
1065 2793 1132 2876 jam
1152 2792 1267 2869 animo,
1283 2800 1318 2857 et
1332 2814 1390 2878 spe
1406 2794 1527 2878 optime

325 2891 531 2965 confirmato;
557 2914 615 2954 nec
630 2890 745 2953 mirum
767 2912 847 2975 quae
869 2911 905 2953 se
926 2911 989 2953 non
1004 2890 1199 2975 nuptialibus
1213 2890 1304 2953 donis
1318 2891 1375 2955 sed
1389 2892 1527 2954 liliorum

324 2988 487 3051 funeribus
509 2988 672 3052 delinitam
692 2988 823 3051 videret.
871 2986 933 3062 lta,
957 2988 1041 3072 quod
1060 2987 1159 3052 ceteri
1180 2995 1313 3073 propter
1333 2988 1449 3052 liberos
1470 3012 1526 3075 pe-

324 3085 435 3149 cuniae
475 3086 653 3169 cupidiores
691 3084 797 3148 solent
833 3106 913 3161 esse,
944 3084 998 3148 ille
1036 3092 1168 3171 propter
1207 3085 1373 3170 pecuniam
1408 3087 1526 3151 liberos

322 3184 470 3247 amittere
481 3182 657 3265 jucundum
673 3202 743 3245 esse
758 3180 860 3245 duxit.
906 3182 953 3245 X.
978 3182 1098 3261 Sentio,
1119 3184 1254 3267 judices,
1270 3206 1327 3247 vos
1341 3206 1399 3269 pro
1418 3192 1526 3249 vestra

323 3280 530 3354 humanitate,
548 3278 597 3341 his
612 3278 713 3343 tantis
727 3278 898 3343 sceleribus
917 3280 1056 3343 breviter
1076 3302 1096 3342 a
1117 3302 1167 3344 99
1189 3281 1417 3346 demonstratis
1431 3282 1523 3346 vehe-

322 3386 447 3439 menter
476 3397 546 3438 esse
575 3384 761 3441 commotos
822 3376 893 3456 Quo
920 3378 1048 3441 tandem
1078 3378 1175 3463 igitur
1198 3379 1304 3442 animo
1329 3379 1427 3443 fuisse
1452 3379 1523 3443 illos

322 3471 529 3549 arbitramini,
550 3472 663 3557 quibus
677 3474 727 3537 his
750 3475 789 3538 de
812 3474 906 3538 rebus
925 3496 988 3537 999
1008 3476 1103 3538 modo
1122 3476 1313 3540 audiendum
1326 3477 1397 3555 fuit,
1413 3498 1523 3541 verum

322 3570 419 3633 etiam
430 3569 656 3654 judicandum?
702 3570 772 3635 Vos
787 3572 906 3636 auditis
920 3573 961 3637 de
982 3594 1020 3636 eo
1042 3573 1075 3635 in
1098 3594 1191 3657 9999
1202 3574 1328 3657 judices
1342 3596 1406 3637 non
1420 3574 1518 3645 estis;

322 3668 361 3731 do
376 3688 413 3731 eo
429 3690 522 3753 9999
544 3690 607 3731 999
622 3668 759 3743 videtis;
786 3670 825 3732 dc
840 3691 878 3732 eo
898 3692 992 3755 quern
1009 3670 1115 3735 odisse
1132 3672 1199 3755 jam
1219 3692 1283 3734 non
1296 3671 1456 3756 potestis;
1481 3670 1521 3734 de

322 3787 360 3829 eo
375 3766 428 3851 qui
443 3774 477 3830 et
491 3773 624 3830 naturae
638 3773 672 3830 et
694 3765 818 3845 legibus
839 3766 1018 3841 satisfecit;
1044 3788 1139 3851 quem
1158 3767 1245 3852 leges
1267 3767 1389 3842 exsilio,
1405 3775 1522 3831 natura

321 3871 424 3929 morte
440 3862 614 3928 mulctavit.
661 3863 793 3927 Auditis
814 3885 878 3927 non
900 3865 941 3927 ab
962 3864 1110 3943 inimic03
1133 3865 1254 3929 auditis
1271 3866 1340 3929 sine
1361 3866 1518 3930 testibus:

354 4024 378 4071 9.
396 4021 479 4083 domo]
500 4027 506 4050 ⁶
517 4021 569 4070 091
579 4021 652 4069 olbis
665 4036 719 4069 own
734 4021 828 4077 house*
841 4027 902 4069 ‘out
934 4022 967 4084 by
978 4023 1042 4070 what
1056 4023 1157 4079 follows,
1169 4027 1293 4086 “propter
1302 4024 1391 4073 liber-os
1405 4025 1521 4086 pecuniae

321 4086 570 4148 ofhlsorrnfanrily!
603 4086 682 4133 There
693 4101 755 4133 were
766 4094 813 4133 199
824 4092 903 4133 towns
935 4087 1096 4149 cupidiores.”
1129 4090 1227 4136 Classen
1244 4089 1389 4136 referstoc.
1403 4090 1521 4145 67,“lts

321 4150 407 4197 named
418 4151 535 4205 Teanum,
547 4166 593 4197 one
603 4151 630 4197 oi
636 4150 713 4197 which
722 4152 800 4197 99919
807 4152 905 4213 Apulia,
937 4153 1001 4215 quod
1009 4152 1073 4212 apud
1081 4152 1198 4210 oeteros‚”
1208 4155 1252 4201 &a
1271 4154 1316 4200 See
1324 4154 1379 4200 Vol.
1388 4154 1484 4201 LVerr.
1493 4154 1519 4201 11.

322 4228 390 4261 onor
402 4230 458 4261 near
469 4215 509 4261 the
522 4215 616 4262 Frento.
651 4215 704 4261 The
715 4216 784 4261 other
794 4215 904 4262 Teanum
939 4218 1052 4272 l.c47:
1066 4218 1161 4269 “Quod
1173 4232 1215 4264 vos
1232 4232 1280 4264 non
1296 4218 1385 4264 oblitos
1401 4233 1454 4265 esse
1468 4232 1520 4264 999

324 4278 428 4341 (Teano)
441 4293 488 4325 was
505 4280 529 4325 19
547 4279 687 4340 Campania,
699 4294 730 4325 99
745 4278 787 4326 the
798 4280 843 4326 Via
856 4280 902 4327 La-
934 4280 1046 4338 arbitror,
1068 4296 1130 4343 quae
1151 4281 1308 4339 multitudo,”
1331 4286 1384 4340 dcc,
1406 4282 1454 4328 and
1476 4282 1520 4328 the

321 4343 422 4389 tina—‘
428 4344 526 4389 99999911
535 4342 550 4389 ι’
568 4343 698 4401 ‘ascania'
712 4344 736 4390 S.
745 4344 784 4397 T..
795 4342 901 4391 Classen.
934 4352 999 4393 noto.

355 4408 402 4465 na,
412 4408 477 4467 quod
486 4408 573 4469 991991]
593 4408 664 4454 Some
680 4408 708 4454 of
720 4408 901 4455 1119999999.
969 4412 1007 4459 lO.
1024 4411 1100 4457 liade
1110 4412 1194 4470 redas]
1212 4410 1273 4470 ι119,1
1284 4412 1329 4459 dac.
1363 4411 1388 4459 S.
1400 4410 1439 4469 T,
1450 4409 1519 4458 Clas·

321 4474 397 4516 tators
408 4470 468 4517 have
478 4469 539 4517 beon
550 4471 660 4518 troublsd
673 4471 730 4517 with
741 4472 789 4519 this
801 4476 807 4499 ‘
817 4473 900 4534 quod!
933 4488 985 4534 sen,
995 4475 1083 4523 Baiter.
1105 4502 1117 4527 μ

323 4534 900 4599 Itintroduoesthsmstter‚whichisarpoundsd
