3517 5325
323 449 386 511 aaa
639 442 775 510 onus.
799 393 891 508 Pico
914 444 958 507 Α.
981 442 1219 511 consumo

322 618 458 682 multum
466 615 621 694 fefellisse,
636 616 721 700 quod
732 615 925 680 existimaris
938 637 990 678 me
1000 637 1145 680 caussam
1157 616 1200 680 A.
1213 615 1351 682 Oluentii
1360 639 1423 682 non
1434 618 1524 685 facto

323 717 392 800 ejus
406 716 463 779 sed
477 715 547 799 lege
563 715 773 777 defensurum.
821 713 905 776 Nam
920 714 980 777 hoc
994 735 1144 798 persaepe
1153 714 1262 777 dixisti
1278 715 1337 778 tibi
1352 716 1397 779 sic
1406 739 1524 780 renun-

323 813 406 891 tiari,
423 836 472 876 me
487 813 605 876 habere
628 811 659 874 in
682 811 786 874 animo
809 833 953 874 caussam
974 811 1056 874 hauc
1078 811 1234 896 praesidio
1250 813 1329 896 legis
1344 813 1523 876 defendere.

325 911 418 976 Itane
433 912 504 974 estl
526 911 566 973 ab
581 909 691 972 amicis
706 909 923 993 imprudentes
939 909 1081 972 videlicet
1097 910 1279 994 prodimur;
1304 918 1338 974 et
1350 918 1400 974 ost
1414 911 1523 975 nescio

323 1010 456 1095 quiade
480 1008 518 1072 iis
543 1029 622 1092 quos
647 1007 767 1069 amicos
793 1007 885 1069 nobis
907 1006 1099 1070 arbitramur
1125 1007 1178 1092 qui
1202 1016 1315 1072 nostra
1333 1009 1464 1072 consilia
1478 1010 1523 1072 ad

322 1107 520 1170 adversarios
548 1105 691 1169 deferat?
737 1103 889 1184 Quisnam
921 1104 982 1168 boc
1012 1104 1072 1168 tibi
1101 1105 1316 1169 renuntiavit?
1353 1107 1424 1191 quis
1452 1114 1523 1170 tam

322 1204 485 1290 improbus
496 1203 578 1266 fuiti
601 1202 650 1264 cui
666 1223 726 1286 ego
741 1200 878 1284 [autem]
896 1201 1040 1265 narravi?
1064 1200 1174 1281 Nemo,
1191 1211 1229 1267 ut
1243 1203 1363 1287 opinor,
1381 1203 1524 1288 inculpa

322 1311 390 1366 est:
415 1303 471 1364 sed
486 1301 633 1363 nimirum
647 1299 706 1362 tibi
721 1299 806 1364 istud
820 1299 873 1361 lex
892 1299 962 1384 ipsa
976 1299 1179 1364 renuntiavit.
1225 1300 1290 1364 Sed
1311 1323 1387 1364 uum
1401 1302 1460 1364 tibi
1475 1301 1524 1365 ita

323 1400 498 1463 defendisse
513 1397 622 1462 videor
636 1405 673 1462 ut
687 1404 758 1461 tota
773 1397 804 1459 in
820 1419 933 1460 caussa
953 1397 1146 1461 mentionem
1168 1398 1263 1461 ullam
1277 1399 1356 1484 legis
1370 1399 1524 1463 fecerim?

321 1520 397 1560 num
417 1518 508 1561 secus
531 1486 613 1558 hanc
637 1516 781 1558 caussam
802 1494 978 1558 defendisse
992 1517 1030 1557 ac
1045 1494 1072 1557 si
1086 1495 1156 1580 lege
1173 1494 1315 1559 Habitus
1338 1498 1524 1560 teneretur-3

323 1595 426 1674 Certe,
443 1603 480 1658 ut
496 1593 653 1657 hominem
669 1592 853 1656 confirmare
877 1599 1014 1677 oportet,
1031 1592 1135 1655 nullus
1157 1600 1208 1656 est
1231 1592 1321 1656 locus
1345 1616 1365 1656 a
1379 1615 1430 1656 me
1447 1616 1521 1678 pur-

321 1693 418 1778 gandi
447 1692 540 1756 istius
571 1691 720 1755 invidiosi
751 1690 890 1753 criminis
926 1690 1180 1774 praetermissus.
1226 1691 1308 1773 Quid
1337 1713 1412 1776 ergo
1449 1694 1523 1756 est!

324 1791 463 1870 Quaeret
478 1789 622 1852 fortassis
634 1787 798 1873 quispiam,
813 1787 1020 1872 displiceatne
1032 1787 1107 1850 mihi
1122 1788 1228 1873 legum
1240 1789 1394 1873 praesidio
1406 1789 1522 1874 capitis

321 1886 491 1972 periculum
506 1885 707 1970 propulsaret
753 1885 836 1948 Mihi
861 1907 944 1963 vero,
958 1885 1092 1968 judices,
1108 1907 1173 1949 non
1197 1886 1350 1970 displicet,
1366 1887 1422 1949 sed
1445 1893 1523 1950 utor

322 1984 470 2048 instituto
484 2005 565 2046 meo.
611 1983 650 2044 ln
666 1981 802 2046 hominis
816 1983 943 2046 honesti
958 1983 1185 2068 prudentisque
1204 1984 1324 2067 judicio
1339 2007 1403 2047 non
1417 1984 1522 2047 solum

321 2103 392 2144 meo
407 2081 538 2144 consilio
553 2080 601 2144 uti
616 2079 774 2157 consuevi,
791 2081 847 2144 sed
863 2081 998 2144 multum
1013 2081 1111 2145 etiam
1125 2081 1195 2166 ejus
1217 2104 1310 2166 quem
1330 2082 1465 2145 defendo
1487 2088 1524 2145 et

322 2179 452 2243 consilio
468 2186 502 2244 et
517 2177 673 2243 voluntati
689 2178 884 2263 obtempero.
930 2177 1013 2241 Nam
1029 2186 1066 2242 ut
1080 2179 1159 2242 haec
1174 2180 1275 2243 adme
1289 2202 1402 2244 caussa
1415 2181 1524 2245 delata

321 2284 381 2355 est,
397 2278 450 2362 qui
465 2278 551 2361 leges
567 2299 621 2340 eas
636 2277 677 2339 ad
692 2297 770 2360 quas
792 2275 977 2339 adhibemur
999 2283 1033 2340 et
1054 2276 1087 2339 in
1112 2277 1226 2362 quibus
1248 2299 1409 2341 versamur
1427 2300 1523 2342 nosse

321 2377 476 2452 deberem,
495 2375 559 2438 dixi
577 2375 699 2438 Habito
715 2372 835 2450 statim,
852 2396 890 2437 eo
906 2374 1021 2458 capite,
1039 2395 1096 2441 aur
1113 2396 1250 2438 corsssr
1267 2397 1332 2441 cuo
1348 2398 1423 2444 ems
1441 2397 1523 2439 cou-

322 2495 575 2550 nunsuscurnu,
592 2473 677 2536 illum
694 2493 762 2536 esse
778 2471 930 2545 liberum;
956 2472 1057 2535 teneri
1079 2479 1187 2536 autem
1208 2481 1354 2537 nostrum
1369 2474 1522 2538 ordinem.

322 2571 432 2655 Atque
448 2572 497 2635 ille
513 2594 563 2634 me
578 2593 668 2635 orare
684 2577 779 2654 atque
794 2571 961 2634 obsecrare
977 2569 1084 2654 coepit
1098 2592 1138 2632 ne
1160 2592 1194 2634 se
1217 2571 1287 2656 lege
1310 2572 1519 2636 defenderem.

323 2670 428 2750 Quum
444 2693 503 2756 ego
519 2692 599 2755 qnae
615 2670 690 2733 mihi
706 2669 893 2733 videbantur
908 2668 1054 2746 dicerem,
1070 2668 1213 2733 traduxit
1227 2692 1278 2733 me
1292 2670 1334 2733 ad
1349 2692 1439 2735 suam
1450 2694 1521 2735 sen-

321 2768 465 2832 tentiam.
511 2767 702 2832 Affirmabat
717 2767 800 2831 enim
822 2766 990 2830 lacrimans
1012 2788 1074 2828 non
1096 2788 1131 2829 se
1153 2768 1348 2851 cupidiorem
1362 2790 1431 2832 esse
1447 2769 1522 2833 civi·

321 2866 400 2929 tatis
423 2866 605 2930 retinendae
635 2888 730 2949 quarn
759 2864 1013 2928 existimationis.
1060 2864 1186 2927 Morem
1215 2864 1333 2928 homini
1362 2866 1456 2951 gessi,
1487 2875 1523 2931 et

321 2973 428 3027 tamen
450 2962 566 3025 idcirco
590 2962 659 3037 feci,
688 2962 892 3046 nequeenim
914 2960 946 3023 id
975 2982 1101 3045 semper
1123 2961 1228 3025 facere
1253 2962 1411 3041 debemus,
1437 2966 1523 3049 quod

321 3056 466 3120 videbam
496 3078 552 3140 per
574 3077 609 3118 se
633 3055 734 3139 ipsam
759 3076 903 3117 caussam
927 3054 996 3117 sine
1016 3054 1086 3139 lege
1106 3054 1325 3139 copiosissime
1350 3079 1444 3141 posse
1467 3058 1522 3122 de-

322 3153 418 3217 fendi.
464 3153 623 3215 Videbam
638 3152 669 3213 in
685 3152 744 3213 hac
759 3150 951 3229 defensione,
968 3174 1032 3236 qua
1051 3152 1118 3234 jam
1133 3175 1203 3215 sum
1218 3175 1303 3230 usus,
1325 3155 1399 3239 plus
1419 3156 1523 3240 digni-

322 3250 409 3325 tatis,
427 3250 459 3311 in
482 3248 543 3323 illa,
561 3270 622 3331 qua
637 3269 687 3310 me
702 3248 751 3310 hic
768 3247 815 3309 uti
838 3248 948 3326 noluit,
972 3250 1076 3311 minus
1093 3250 1210 3313 laboris
1231 3250 1382 3314 futurum.
1428 3253 1522 3333 Quod

323 3348 349 3411 si
373 3346 449 3409 nihil
463 3344 548 3408 aliud
564 3344 677 3407 fuisset
690 3350 797 3408 actum
813 3345 873 3408 nisi
888 3354 925 3409 nt
941 3346 1021 3409 hanc
1041 3368 1186 3409 caussam
1208 3348 1434 3425 obtineremus,
1450 3350 1521 3435 lege

322 3444 459 3508 recitata
474 3464 690 3527 perorassem
718 3442 815 3506 LlIl.
834 3465 937 3527 neque
952 3466 1003 3507 me
1018 3444 1071 3507 illa
1085 3445 1187 3509 oratio
1203 3456 1417 3511 commoveret
1436 3450 1523 3533 quod

353 3616 488 3677 dffeadiare
497 3616 539 3677 ac]
558 3615 611 3663 The
623 3614 695 3663 MSS.
703 3616 800 3677 reading
810 3616 831 3664 is
846 3616 904 3664 ‘de·
937 3617 980 3664 the
994 3617 1071 3665 words
1088 3618 1146 3666 with
1161 3618 1239 3666 which
1253 3620 1273 3666 it
1294 3620 1315 3668 ia
1331 3621 1421 3681 joined,
1440 3627 1481 3671 ‘ct
1495 3624 1523 3672 in

321 3682 471 3739 fendissem;’
489 3680 533 3728 but
551 3680 593 3727 the
610 3679 664 3727 best
681 3680 754 3729 MSS.
775 3681 834 3728 have
847 3679 904 3729 ‘ac’
937 3681 1175 3743 quibusversamur.’
1209 3684 1292 3731 Cicero
1304 3700 1357 3747 says
1373 3686 1401 3733 of
1416 3688 1523 3736 Hortan-

320 3749 367 3796 and
385 3752 428 3794 not
448 3744 523 3793 ‘hac’
568 3744 594 3792 lf
614 3746 670 3792 ‘ac’
686 3746 745 3793 then
761 3746 905 3794 isthatrua
937 3747 986 3793 sius
1005 3746 1114 3809 (Brutus,
1133 3763 1154 3795 c.
1172 3747 1231 3811 88):
1256 3750 1425 3801 “Hortensius
1440 3754 1523 3813 igitur,

319 3814 425 3872 reading,
445 3825 480 3858 vre
496 3825 551 3871 may
565 3810 638 3872 safely
655 3810 721 3857 write
739 3809 905 3869 ‘defendisse'
938 3826 1012 3873 quum
1029 3811 1158 3858 admodum
1176 3812 1313 3861 adolescens
1328 3830 1397 3862 orsus
1418 3824 1481 3865 asset
1496 3818 1523 3865 in

318 3879 380 3927 asP.
393 3876 517 3924 Manutius
527 3874 575 3923 did.
733 3904 737 3910 ·
938 3874 991 3922 foro
1012 3876 1098 3932 dicere,
1117 3877 1224 3923 celeriter
1245 3878 1275 3924 ad
1303 3880 1404 3938 majores
1428 3897 1522 3930 caumas

352 3948 380 3990 ut
392 3943 523 4000 hominem]
544 3939 638 4001 Sylvius
647 3940 727 4001 saysit
738 3940 758 3986 is
767 3940 901 3988 Cluentius.
933 3938 1040 3987 adbiberi
1059 3948 1158 4002 coeptus
1178 3941 1243 3988 est.”
1288 3943 1441 3993 ‘Adhibera'
1459 3947 1479 3992 is
1495 3952 1523 3993 to

319 4008 444 4056 Manutius
461 4020 514 4067 says
530 4005 550 4051 it
565 4005 586 4051 is
601 4004 809 4052 rhe‘accusator!
842 4005 903 4052 Itis
935 4004 1410 4068 callin‚toinvite,toemployaperson.
1443 4010 1524 4059 Thera

320 4072 414 4121 neither
430 4070 458 4117 of
474 4070 548 4116 them.
583 4069 608 4115 lt
624 4070 644 4115 is
659 4069 750 4123 Cicero,
761 4070 815 4115 who
832 4084 902 4130 says:
934 4068 1074 4116 isauseof
1081 4072 1100 4115 it
1109 4071 1159 4116 ina
1173 4071 1229 4125 lilia,
1246 4070 1337 4132 though
1349 4079 1393 4120 not
1403 4075 1469 4136 quite
1479 4076 1523 4123 tha

321 4142 336 4164 ‘¹
347 4137 372 4183 lt
382 4137 402 4182 is
414 4134 543 4187 true.ssit
553 4133 573 4179 is
590 4148 605 4183 a
620 4134 696 4180 man’s
711 4134 902 4195 dutytoaffirm,
934 4134 1133 4190 aame,aeuse,in
1144 4135 1369 4192 Varr.ii.b,c.27.

321 4201 334 4248 1
351 4202 411 4248 bare
426 4198 527 4245 omitted
545 4213 577 4245 uo
594 4204 721 4258 argument
742 4198 779 4245 for
800 4198 904 4258 clearing
969 4212 996 4244 eo
1011 4199 1111 4259 capita]
1129 4198 1183 4246 The
1193 4200 1270 4246 words
1287 4200 1312 4246 in
1323 4202 1372 4247 this
1384 4202 1481 4264 chapter
1496 4205 1525 4251 of

320 4280 385 4325 away
404 4264 457 4310 that
474 4263 557 4309 odiom
572 4261 741 4323 imputation.”
776 4262 802 4309 If
816 4262 865 4309 thia
883 4262 903 4309 is
936 4262 1048 4319 thebes,
1063 4263 1127 4314 ‘Qui
1138 4262 1240 4319 coisset,’
1253 4269 1296 4310 &c
1311 4267 1407 4325 applied
1422 4268 1479 4328 only
1495 4273 1522 4316 to

321 4336 364 4376 not
380 4328 422 4375 tha
433 4328 551 4387 meaning,
564 4326 575 4373 l
588 4327 642 4373 take
654 4326 776 4374 Graevius'
788 4327 901 4389 esplana-
933 4342 948 4372 a
958 4328 1116 4374 senator-who
1127 4328 1252 4375 combined
1263 4329 1322 4375 with
1332 4346 1380 4393 any
1395 4346 1483 4393 person
1494 4338 1522 4379 to

320 4394 380 4447 tion,
404 4392 457 4438 who
476 4405 530 4453 says
551 4392 605 4438 that
622 4390 653 4437 he
673 4390 730 4438 does
752 4396 796 4439 not
813 4392 901 4439 under·
933 4391 1085 4453 procuretbe
1095 4393 1229 4440 conviction
1240 4392 1268 4439 of
1275 4394 1384 4442 another.

321 4456 390 4505 stand
401 4457 428 4502 it.
962 4455 1056 4514 ficisset
1074 4458 1169 4515 cctam]
1189 4457 1214 4505 S.
1236 4457 1275 4513 T,
1298 4458 1405 4507 Classen.
1439 4460 1523 4508 Baiter

354 4520 457 4581 adquae
468 4519 622 4580 adlibmar]
641 4518 859 4581 ‘l'hfsisexplained
872 4518 905 4582 by
937 4518 1180 4569 humectatum!
1206 4522 1522 4575 Ibavefollovvchlsssen
