3517 5325
334 489 397 554 344
634 483 769 548 ORAT.
793 481 885 547 PRO
908 482 952 548 A.
976 478 1214 546 OLUENTIO

341 653 404 722 ista
413 657 557 722 censoria
566 655 630 721 sive
640 656 787 720 voluntas
798 654 863 720 sive
875 654 981 740 opinio
992 653 1221 739 fuit‚adjuvare
1231 661 1288 720 aut
1298 655 1383 720 hunc
1391 654 1545 721 innocen·

341 763 407 820 tem
418 755 599 841 opprimere
614 777 706 840 posse
723 755 886 818 videatur?
924 752 1036 816 XLV.
1055 753 1138 832 Quid
1152 752 1252 838 igitur
1269 775 1418 817 censores
1437 755 1545 818 secuti

339 857 436 917 sunt!
455 876 495 917 ne
517 853 576 938 ipsi
599 852 734 936 quidem,
750 859 787 915 ut
806 850 991 936 gravissime
1016 849 1129 924 dicam,
1146 849 1315 935 quidquam
1329 850 1416 914 aliud
1432 851 1545 914 dicent

338 957 468 1034 praeter
479 972 657 1014 sermonem
667 957 763 1033 atque
772 949 899 1011 famam.
930 947 1018 1010 Nihil
1027 969 1061 1010 se
1072 948 1217 1020 testibus,
1228 948 1304 1010 nihil
1319 949 1446 1025 tabulis,
1462 948 1545 1010 nihil

341 1047 448 1132 aliquo
474 1048 562 1132 gravi
581 1054 769 1131 argumento
789 1045 990 1130 comperisse,
1012 1044 1091 1107 nihil
1113 1045 1247 1130 denique
1272 1067 1385 1108 caussa
1409 1046 1544 1131 cognita

339 1145 491 1209 statuisse
507 1145 625 1208 dicent.
672 1143 763 1223 Quod
778 1143 805 1206 si
819 1143 865 1206 ita
880 1143 1041 1218 fecissent,
1055 1153 1162 1206 tamen
1178 1142 1209 1205 id
1224 1165 1287 1206 non
1301 1143 1454 1207 itatixum
1469 1165 1544 1206 esse

338 1243 469 1307 deberet
484 1250 520 1307 ut
536 1241 668 1306 convelli
684 1263 747 1304 non
763 1242 883 1304 liceret.
929 1239 1003 1303 Non
1028 1248 1101 1304 utar
1124 1240 1338 1325 exemplorum
1352 1241 1444 1326 copia
1458 1263 1544 1326 quae

337 1362 461 1405 summa
476 1348 537 1417 est,
554 1362 617 1404 non
633 1361 698 1403 rem
714 1346 863 1414 veterem,
880 1360 944 1401 non
959 1338 1118 1402 hominem
1139 1345 1303 1424 potentem
1324 1339 1462 1423 aliquem
1482 1351 1545 1402 aut

341 1441 517 1525 gratiosum
532 1439 698 1524 proferam.
744 1437 853 1521 Nuper
871 1435 1029 1501 hominem
1044 1443 1182 1514 tenuem,
1199 1436 1337 1500 scribam
1351 1436 1540 1514 aedilicium,

342 1535 384 1598 D.
403 1536 600 1612 Matrinius,
619 1557 715 1620 quum
730 1533 941 1598 defendissem
965 1533 1051 1617 apud
1075 1533 1123 1596 M.
1139 1533 1282 1612 lunium,
1301 1535 1339 1615 Q.
1359 1534 1543 1598 Publicium

341 1641 514 1719 praetores,
525 1641 558 1696 et
570 1633 618 1694 M.
635 1631 841 1709 Plaetorium,
856 1630 892 1694 0.
910 1630 1102 1693 Flaminium
1116 1631 1235 1695 aediles
1249 1632 1382 1709 curules,
1395 1633 1542 1717 persuasi

340 1738 377 1794 ut
392 1731 527 1794 scribam
540 1730 639 1814 jurati
653 1729 797 1815 legerent
812 1751 884 1792 eum
903 1749 997 1812 quem
1019 1728 1114 1792 iidem
1136 1729 1191 1793 isti
1213 1751 1361 1793 censores
1381 1730 1540 1793 aerarium

337 1827 502 1912 reliquisse
517 1829 781 1911 subscripserunt.
829 1826 932 1906 Quum
947 1827 1031 1888 enim
1046 1825 1078 1889 in
1093 1826 1221 1890 homine
1234 1827 1320 1890 nulla
1341 1828 1434 1912 culpa
1453 1827 1540 1891 inre-

341 1925 471 2000 niretur,
489 1924 564 2008 quid
579 1924 630 1986 ille
645 1925 822 2000 meruisset,
840 1945 903 1987 non
926 1923 1003 2008 quid
1028 1924 1067 1986 de
1090 1945 1129 1987 eo
1152 1931 1311 1988 statutum
1333 1933 1428 2002 esset,
1444 1947 1539 2010 quae·

337 2022 469 2084 rendum
485 2043 554 2085 esse
570 2023 739 2085 duxeruut.
770 2021 853 2084 Nam
869 2021 947 2084 haec
962 2021 1098 2106 quidem,
1111 2044 1193 2106 quae
1204 2023 1244 2086 de
1255 2023 1376 2106 judicio
1387 2031 1538 2107 corrupto

337 2120 603 2205 subscripserunt,
621 2119 691 2204 quis
707 2119 825 2204 estqui
840 2119 882 2181 ab
897 2119 958 2182 illis
973 2119 1053 2183 satis
1066 2120 1196 2204 cognita
1217 2128 1251 2184 et
1273 2121 1441 2206 diligenter
1451 2121 1540 2205 judi·

336 2223 409 2282 cata
423 2217 617 2282 arbitraturi
663 2217 702 2280 ln
728 2217 787 2280 Μ’.
814 2217 990 2302 Aquillium
1005 2225 1039 2280 et
1058 2218 1091 2279 in
1116 2216 1164 2281 Ti.
1189 2219 1324 2283 Guttam
1350 2219 1441 2282 video
1466 2240 1538 2283 esse

335 2317 560 2402 subscriptum.
607 2316 690 2396 Quid
716 2323 767 2380 est
789 2315 870 2379 hoel
895 2314 974 2378 duos
998 2336 1068 2378 esse
1098 2325 1264 2401 corruptos
1289 2317 1374 2380 solos
1402 2317 1539 2403 pecunia

337 2415 455 2479 dicant.
502 2414 608 2479 (leteri
637 2413 784 2477 videlicet
812 2412 914 2498 gratis
950 2412 1211 2477 condemnarunt.
1257 2413 1331 2477 Non
1359 2422 1411 2479 est
1438 2415 1538 2499 igitur

336 2513 578 2590 circumventus
595 2534 658 2574 non
674 2533 845 2596 oppressus
859 2510 1002 2596 pecunia,
1027 2532 1100 2587 non,
1117 2517 1154 2574 ut
1169 2511 1240 2574 illae
1256 2511 1448 2592 Quintianus
1462 2535 1539 2576 con·

333 2609 438 2675 tiones
452 2609 662 2687 habebantur,
678 2632 788 2674 omnes
810 2609 863 2695 qui
888 2607 1098 2694 Oppianicum
1119 2609 1370 2675 condemnarunt
1393 2609 1539 2695 inculpa

331 2714 408 2773 sunt
422 2728 460 2771 ac
475 2708 651 2792 suspicione
667 2708 814 2793 ponendi.
852 2708 944 2771 Duos
957 2706 1042 2769 solos
1057 2706 1148 2769 video
1162 2708 1356 2772 auctoritate
1370 2730 1538 2773 censorum

333 2806 443 2869 affines
473 2806 502 2868 ei
532 2806 719 2892 turpitudini
747 2805 893 2891 judicari.
940 2804 1010 2867 Aut
1039 2803 1116 2865 illud
1144 2804 1288 2884 afferant,
1314 2807 1431 2892 aliquid
1454 2829 1537 2884 sese,

334 2904 420 2987 quod
443 2903 482 2967 de
504 2903 553 2967 his
569 2906 692 2968 duobus
714 2903 884 2966 habuerint
905 2894 1111 2986 compertum,
1136 2902 1176 2965 de
1198 2904 1314 2967 ceteris
1334 2906 1537 2990 comperisse.

336 3000 468 3063 XLVI.
494 3000 577 3065 Nam
593 3001 669 3064 illud
690 3001 816 3083 quidem
836 2999 966 3061 minime
989 3000 1188 3083 probandum
1212 3008 1272 3078 est,
1288 3002 1331 3064 ad
1354 3002 1538 3067 notationes

335 3099 622 3184 auctoritatemque
637 3096 812 3162 censoriam
833 3097 1012 3180 exemplum
1028 3096 1099 3160 illos
1122 3119 1142 3160 a
1157 3100 1385 3164 consuetudine
1406 3100 1538 3165 militari

334 3196 545 3262 transtulisse.
593 3196 784 3259 Statuerunt
808 3193 893 3257 enim
918 3194 965 3258 ita
991 3196 1128 3278 majores
1153 3197 1256 3260 nostri
1282 3204 1326 3276 ut,
1343 3198 1370 3263 si
1392 3198 1536 3264 smultis

367 3445 406 3489 45.
418 3441 690 3503 scribamacdilicr'um‚]
701 3440 746 3489 See
754 3441 809 3490 Vol.
819 3442 916 3491 LVcrr.
948 3443 1037 3491 editors
1053 3444 1115 3492 have
1130 3444 1231 3493 omitted
1249 3445 1360 3504 ‘dicant'
1377 3447 1455 3495 which
1472 3446 1536 3495 isin

333 3504 755 3562 ii.3.c79‚n0teontbe‘scribas.’
778 3507 824 3554 We
832 3508 917 3555 collect
948 3509 1030 3570 nearly
1038 3510 1070 3556 all
1082 3510 1123 3557 the
1132 3510 1221 3568 MSS.;
1232 3511 1280 3558 aud
1290 3512 1414 3573 tbeyhsve
1425 3512 1535 3559 followed

332 3571 394 3619 from
406 3570 454 3617 thi
465 3584 563 3631 passage
574 3570 627 3618 tbst
642 3571 684 3619 the
697 3571 862 3633 Magistratus,
873 3573 917 3620 the
948 3574 991 3621 the
1017 3574 1120 3622 Juntina
1139 3575 1165 3622 in
1190 3575 1306 3637 inserting
1322 3576 1410 3639 ‘quid’
1427 3576 1536 3625 maen

333 3634 429 3684 Aediles
441 3634 609 3692 Curulsa,and
625 3636 666 3683 the
684 3636 860 3691 Praetorr.bsd
874 3638 917 3685 tha
949 3638 1063 3685 ‘dicant'
1080 3639 1127 3685 and
1145 3639 1256 3687 ‘Ceteri'
1297 3640 1380 3688 Baiter
1395 3642 1476 3703 points
1491 3641 1535 3688 the

332 3715 413 3763 power
423 3699 450 3746 oi
459 3700 557 3762 naming
567 3700 876 3762 personstobe‘scribae‚’
889 3717 918 3749 or
949 3718 1048 3765 passage
1064 3704 1200 3765 differently
1215 3704 1277 3751 from
1296 3705 1404 3753 Classen.
1438 3706 1535 3753 llears

333 3766 361 3815 ol
376 3765 505 3825 admitting
522 3766 588 3813 thern
605 3771 630 3813 to
647 3766 688 3813 tha
699 3766 768 3813 class.
803 3767 918 3815 Graevius
950 3768 999 3815 this
1015 3776 1041 3814 to
1057 3768 1099 3815 the
1115 3769 1361 3817 maden—‘affinem'
1378 3785 1419 3818 sea
1436 3771 1492 3818 Vol.
1511 3770 1534 3817 1.

332 3830 503 3941 ‘sayspbqtfths
520 3834 642 3942 :pensorpl
655 3831 785 3943 couldtpot
797 3846 918 3943 remlqrcs
950 3832 1019 3880 Verr.
1038 3832 1109 3943 iihg.
1129 3848 1150 3881 c.
1170 3835 1217 3945 θὶς
1244 3833 1288 3881 but
1308 3834 1421 3883 ‘uffincs'
1438 3836 1464 3883 in
1481 3837 1536 3883 that

348 3910 425 3943 scria
463 3910 514 3942 rom
555 3902 626 3943 e‘or
644 3896 716 3943 o'as
755 3912 841 3957 eyoou
877 3911 916 3943 re·
947 3910 1047 3957 passage
1112 3899 1249 3957 ageni've.

331 3974 400 4007 move
417 3974 432 4007 s
449 3975 504 4007 msn
522 3960 584 4008 from
603 3960 645 4008 the
665 3961 759 4017 senate,
777 3975 804 4007 or
821 3976 917 4009 remove
980 3962 1076 4021 aliquid
1084 3962 1155 4023 κω]
1175 3962 1261 4010 ‘Sese’
1273 3963 1294 4010 is
1304 3979 1336 4011 sn
1346 3964 1499 4012 emendation
1508 3963 1538 4011 os

330 4024 381 4071 him
393 4024 453 4071 from
465 4024 503 4071 his
514 4024 582 4079 tribe.
592 4026 638 4073 sud
647 4026 702 4073 tslre
710 4029 916 4087 awayau¹equus
950 4024 1047 4073 Isclcrc
1068 4025 1107 4073 for
1131 4026 1217 4075 ‘casa’
1252 4027 1324 4075 Some
1341 4029 1369 4075 of
1385 4030 1428 4076 tba
1444 4029 1534 4077 alitors

330 4088 513 4150 publicus,'but
530 4090 588 4151 they
598 4090 668 4137 could
684 4104 780 4137 remove
795 4089 858 4136 from
875 4089 917 4136 the
948 4088 1009 4135 bare
1034 4090 1118 4151 plaoed
1146 4090 1225 4138 ‘non'
1252 4092 1335 4139 before
1360 4094 1532 4151 ‘comperisse'

330 4152 420 4200 Album
428 4152 456 4199 of
463 4154 505 4199 the
517 4152 612 4201 Scribas
620 4154 690 4201 those
702 4154 798 4201 Scribas
804 4154 857 4201 who
868 4153 916 4201 had
948 4153 1050 4201 without
1060 4155 1190 4217 authority,
1197 4156 1245 4203 and
1252 4163 1395 4219 contraryto
1406 4158 1533 4206 mesenas.

330 4216 391 4264 been
403 4217 475 4263 noted
486 4216 517 4278 by
528 4218 571 4264 tho
582 4218 725 4266 Censores.”
948 4218 1003 4265 One
1014 4218 1105 4266 snritlul
1117 4236 1188 4268 cause
1198 4221 1226 4267 of
1233 4221 1452 4269 bademendationa
1462 4222 1533 4270 istbs

363 4280 390 4328 1².
413 4280 496 4328 Ursini
517 4283 623 4329 remarks
650 4284 704 4329 that
727 4282 769 4329 the
793 4296 863 4329 name
890 4281 918 4328 of
947 4282 1181 4346 misunderstanding
1190 4286 1220 4333 oi
1226 4286 1362 4333 ananthor.
1385 4287 1469 4334 Cicero
1477 4287 1533 4334 aska

330 4342 368 4390 Μ.
389 4344 520 4392 Plaetorius
545 4360 646 4407 appears
667 4361 699 4392 on
725 4346 766 4393 the
783 4346 854 4393 silver
871 4347 913 4393 ds·
945 4346 1534 4413 thecensorstosbowthattheyhaddiscoversd

329 4406 391 4452 narii
405 4408 432 4454 ot
444 4410 487 4457 the
499 4410 610 4457 Plaetorii
619 4410 678 4457 with
689 4410 731 4457 tha
751 4410 804 4458 title
814 4410 842 4457 oi
850 4424 914 4458 nso.
944 4411 1078 4525 :bbputtqhe
1096 4419 1147 4462 rest
1165 4416 1230 4463 what
1250 4416 1309 4478 they
1330 4416 1378 4463 bad
1396 4416 1533 4464 discomsd

329 4482 390 4515 m·
531 4519 539 4527 .
991 4481 1020 4524 ut
1055 4482 1135 4526 etro.

361 4537 463 4583 aemuia
481 4536 572 4585 dicant.
609 4536 700 4600 Ceteri]
727 4537 803 4600 Many
825 4538 853 4587 of
870 4538 913 4587 the
