3517 5325
320 445 385 508 456
580 441 716 507 ORAT.
740 440 788 507 II.
812 440 876 505 DE
903 439 1025 507 LEGE
1049 440 1267 506 AGRARIA

325 612 473 676 omnibus
487 612 670 677 domesticis
685 612 886 699 externisque
901 612 991 677 bellis
1007 612 1115 698 Capua
1136 635 1200 677 non
1221 611 1316 675 modo
1333 632 1398 675 non
1414 611 1528 688 obtuit,

321 710 383 775 sed
398 709 696 795 opportunissimam
718 732 753 774 se
771 711 864 774 nobis
886 709 1031 795 praebuit
1049 718 1083 775 et
1101 710 1143 773 ad
1164 709 1281 773 bellum
1295 708 1528 787 instruendum,

322 816 358 872 ot
381 810 422 871 ad
449 808 609 871 exercitus
639 809 799 871 ornandos
821 816 856 872 et
879 808 975 871 tectis
1004 830 1042 871 ac
1070 808 1199 871 sedibus
1228 808 1295 871 suis
1319 807 1529 892 recipiendos.

328 905 486 969 Homines
514 927 578 968 non
603 904 728 968 inerant
752 904 783 967 in
808 906 886 973 urbe
912 904 964 989 qui
989 904 1079 968 malis
1102 904 1311 981 contionibus,
1336 905 1529 969 turbulentis

328 1002 620 1079 senatusconsultis,
643 1002 759 1087 iniquis
778 1002 917 1087 imperiis
934 1024 1001 1065 rem
1016 1002 1173 1087 publicam
1187 1002 1357 1065 miscerent
1372 1011 1406 1067 et
1421 1025 1528 1066 rerum

323 1124 477 1165 novarum
502 1123 648 1165 caussam
670 1101 807 1186 aliquam
831 1108 1030 1185 quaererent.
1077 1098 1189 1184 Neque
1215 1100 1299 1163 enim
1323 1100 1527 1165 contionandi

323 1207 471 1285 potestas
496 1206 567 1263 erat
589 1198 733 1284 cuiquam
758 1221 817 1263 nec
844 1197 967 1263 consilii
994 1196 1142 1283 capiundi
1163 1198 1299 1282 publici:
1323 1220 1387 1261 non
1406 1198 1527 1283 gloriae

327 1297 502 1383 cupiditate
517 1297 737 1375 efferebantur,
753 1304 924 1382 propterea
945 1296 1039 1380 quod,
1056 1294 1110 1358 ubi
1129 1295 1231 1359 honos
1248 1296 1372 1380 publice
1386 1318 1450 1359 non
1464 1304 1524 1374 est,

305 1396 370 1459 ·ibi
396 1395 515 1482 gloriae
539 1394 696 1479 cupiditas
714 1416 786 1458 esse
808 1416 871 1457 non
895 1399 1021 1478 potest;
1047 1414 1110 1457 non
1133 1394 1346 1472 contentione,
1370 1416 1434 1457 non
1458 1416 1527 1457 am-

325 1494 446 1557 bitione
473 1493 642 1557 discordes.
689 1492 776 1556 Nihil
801 1492 883 1556 enim
910 1498 1074 1575 supererat
1097 1490 1136 1555 de
1159 1513 1221 1577 quo
1242 1499 1425 1566 certarent;
1449 1490 1525 1555 nihil

325 1592 410 1676 quod
434 1599 546 1655 contra
569 1598 732 1676 peterent;
757 1589 834 1654 nihil
859 1588 914 1652 ubi
939 1588 1137 1653 dissiderent.
1186 1590 1300 1675 ltaque
1321 1589 1405 1653 illam
1432 1588 1523 1652 Gam-

325 1712 441 1775 panam
455 1696 658 1773 arrogantem
677 1695 775 1773 atque
798 1686 1027 1751 intolerandam
1043 1686 1192 1750 ferociam
1207 1688 1331 1751 ratione
1346 1699 1380 1752 et
1395 1686 1524 1752 consilio

325 1788 463 1870 majores
479 1787 581 1850 nostri
596 1788 637 1850 ad
659 1786 883 1850 inertissimum
905 1806 943 1848 ac
964 1784 1241 1847 desidiosissimum
1256 1784 1356 1849 otium
1370 1785 1525 1870 perduxe-

325 1892 411 1947 runt.
443 1884 497 1946 Sic
511 1891 545 1947 et
560 1882 757 1947 crudelitatis
771 1882 932 1945 infamiam
946 1881 1132 1965 effugerunt,
1149 1882 1232 1966 quod
1248 1883 1358 1945 urbem
1372 1904 1412 1945 ex
1430 1882 1525 1946 ltalia

324 1979 567 2064 pulcherrimam
581 2001 643 2042 non
659 1980 862 2056 sustulerunt,
879 1986 914 2043 et
927 1978 1062 2042 milltum
1076 1979 1108 2041 in
1126 1989 1289 2065 posterum
1310 1980 1523 2065 providerunt,

325 2078 410 2161 quod
425 2076 530 2140 nervis
545 2077 691 2141 omnibus
712 2078 789 2141 urbe
812 2076 949 2141 exsectis
971 2076 1082 2139 urbem
1097 2076 1197 2161 ipsam
1211 2078 1348 2141 solutam
1362 2100 1400 2141 ac
1415 2078 1523 2141 debili-

323 2183 427 2239 tatam
448 2174 650 2259 reliquerunt.
696 2173 876 2238 XXXIV.
901 2172 993 2237 Haeo
1015 2174 1145 2237 consilia
1165 2175 1320 2259 majorum
1344 2175 1392 2238 M.
1409 2174 1521 2251 Bruto,

324 2280 363 2335 ut
391 2280 487 2337 antea
513 2273 588 2350 dixi,
615 2272 873 2357 reprehendenda
902 2278 935 2335 et
960 2270 999 2335 P.
1025 2270 1118 2335 Rullo
1142 2272 1209 2335 visa
1234 2282 1328 2347 sunt;
1353 2296 1454 2358 neque
1477 2282 1521 2349 te,

326 2369 365 2434 P.
382 2370 484 2449 Rullo,
509 2371 614 2435 omina
628 2371 681 2434 illa
698 2370 746 2434 M.
764 2369 857 2434 Bruti
877 2376 974 2454 atque
996 2368 1137 2453 auspicia
1149 2392 1172 2433 a
1186 2370 1279 2434 simili
1299 2370 1404 2435 lurore
1419 2372 1522 2435 deter-

325 2476 407 2532 rent.
453 2468 535 2532 Nam
551 2477 585 2533 et
599 2469 666 2554 ipse
680 2468 734 2553 qui
749 2466 889 2541 deduxit,
905 2474 938 2531 et
953 2466 1007 2551 qui
1027 2467 1250 2551 magistratum
1266 2468 1395 2553 Capuae
1418 2471 1436 2511 '¹
1460 2471 1479 2509 ¹
1502 2470 1521 2509 *

325 2575 487 2650 ceperunt,
504 2567 606 2653 etqui
621 2567 758 2652 aliquam
773 2574 896 2651 partem
911 2564 992 2628 illius
1006 2564 1215 2641 deductionis,
1231 2566 1368 2643 honoris,
1385 2565 1523 2629 muneris

324 2666 511 2749 attigerunt,
537 2687 645 2729 omnes
666 2665 886 2730 acerbissimas
906 2663 1072 2748 impiorum
1090 2685 1209 2748 poenas
1223 2663 1431 2748 pertulerunt.
1477 2664 1524 2727 Et

324 2763 473 2847 quoniam
488 2763 582 2828 Bruti
596 2774 693 2849 atque
707 2763 790 2828 illius
803 2761 956 2848 temporis
975 2760 1035 2826 feci
1049 2761 1252 2837 mentionem,
1268 2763 1522 2828 commemorabo

325 2921 403 2970 Rome
432 2937 482 2971 nc.
507 2925 552 2972 las
579 2939 628 2972 was
654 2924 773 2986 punished
799 2923 832 2986 by
864 2924 907 2971 the
939 2923 1074 2970 isanotice
1084 2921 1109 2969 in
1121 2922 1163 2968 the
1174 2919 1246 2968 Liber
1254 2919 1407 2968 Coloniarum
1420 2919 1456 2984 (p.
1465 2924 1522 2982 231,

324 2986 422 3034 Praetor
448 2989 477 3035 1..
500 2988 620 3050 Opimius,
643 2989 697 3035 who
719 2988 844 3050 destroyed
865 2988 908 3035 the
940 2987 976 3034 ed.
997 2985 1083 3050 lach.)
1101 2986 1183 3034 which
1196 3000 1272 3033 seems
1290 2995 1315 3032 to
1332 2985 1409 3032 throw
1428 3001 1443 3033 a
1461 2987 1525 3036 little

324 3051 400 3112 place.
433 3053 486 3100 The
503 3069 552 3100 rrar
568 3054 625 3100 with
645 3053 767 3114 Fregellae
783 3053 908 3113 mayhavc
940 3051 1002 3112 light
1023 3066 1055 3096 on
1077 3051 1126 3098 this
1145 3051 1245 3098 obscure
1267 3065 1381 3111 passage:
1406 3051 1522 3113 “Capna,

324 3116 402 3163 arisen
412 3117 474 3164 from
485 3118 528 3164 the
539 3132 604 3164 sama
620 3132 703 3164 moses
719 3133 746 3165 as
762 3118 805 3164 tha
815 3117 905 3163 Marsis
937 3129 1006 3162 muro
1017 3115 1088 3162 ducta
1099 3115 1191 3162 colonia
1206 3115 1221 3162 J
1224 3115 1272 3162 ulia
1284 3115 1349 3162 Felix
1365 3115 1436 3174 jussu
1447 3117 1522 3178 impe-

322 3195 351 3228 or
374 3181 451 3228 Social
472 3197 520 3228 aar
538 3183 585 3228 tiva
598 3180 732 3243 and-thirty
751 3196 819 3243 years
834 3181 904 3238 latar,
936 3180 1022 3228 ratoris
1033 3179 1140 3228 Cameris
1156 3195 1170 3225 a
1184 3179 1267 3240 viginti
1284 3179 1339 3226 viris
1357 3185 1394 3226 est
1411 3180 1521 3230 deducta.

322 3244 399 3291 which
411 3245 495 3293 Cicero
506 3245 626 3291 mentions
637 3249 702 3291 next.
938 3245 984 3291 iter
1000 3245 1090 3306 populo
1109 3243 1210 3290 debetur
1227 3243 1280 3304 ped.
1295 3257 1318 3291 c.
1330 3259 1386 3304 ager
1403 3245 1455 3304 ejus
1471 3245 1523 3308 laga

354 3308 582 3368 ancia-emtis]
602 3307 725 3368 ‘Iliadis'
740 3307 770 3355 E.
789 3307 816 3355 F.
834 3307 865 3355 G.
877 3309 904 3356 P.
940 3309 1038 3355 Sullana
1048 3309 1125 3355 linerat
1135 3307 1287 3368 adsignatus:
1306 3315 1390 3369 postea
1400 3308 1488 3356 Cacsar
1496 3311 1522 3358 in

323 3371 496 3418 ‘Exsectis'is
506 3371 548 3417 the
559 3373 710 3418 emendation
721 3373 749 3418 ol
757 3372 814 3420 Nic.
825 3373 906 3433 Ange·
936 3372 1059 3433 jugeribus
1082 3373 1150 3420 militi
1169 3387 1214 3434 pro
1224 3373 1330 3433 praemio
1351 3371 1425 3420 dividi
1442 3375 1522 3434 jussit.

320 3434 381 3491 lius3
398 3435 446 3480 aud
465 3434 545 3480 Baiter
562 3435 636 3481 refers
653 3441 679 3483 to
698 3436 759 3496 Livy
771 3436 806 3498 (7.
818 3452 839 3484 c.
850 3439 902 3500 39),
936 3437 1028 3484 Calatia
1045 3437 1168 3498 oppidum.
1186 3451 1254 3483 muro
1272 3437 1350 3484 ducta
1369 3438 1415 3484 iter
1432 3439 1521 3500 populo

321 3497 400 3544 sihmo
416 3513 483 3544 soma
493 3498 595 3545 editions
606 3499 666 3546 hara
677 3505 779 3547 ‘nervos
794 3501 902 3562 conjura·
936 3500 1036 3548 debatur
1047 3501 1099 3562 ped.
1113 3515 1156 3548 ux.
1171 3501 1276 3548 colonias
1288 3501 1408 3562 capuensi
1424 3518 1439 3549 a
1456 3503 1522 3550 Sulla

319 3563 392 3610 tionis
402 3562 491 3623 ejectos
501 3568 553 3610 arta
563 3565 665 3611 consulis
675 3563 816 3612 comentes!
940 3565 1015 3612 Felice
1026 3581 1081 3613 cum
1097 3566 1217 3614 territorio
1232 3581 1275 3612 suo
1286 3565 1447 3626 adjudicatum
1464 3568 1521 3616 olim

352 3628 393 3675 34.
411 3629 484 3675 et'P.
504 3628 590 3690 Rullo]
618 3628 700 3676 Baiter
716 3645 770 3690 says
791 3630 819 3678 ol
835 3629 904 3677 these
936 3630 968 3677 oh
980 3631 1095 3677 hosticam
1113 3629 1245 3692 pugnam.”
1279 3631 1414 3692 According
1430 3637 1457 3678 to
1472 3633 1521 3680 this

320 3693 405 3748 words.
416 3693 542 3740 “insiticia
552 3693 611 3740 mihi
621 3693 758 3741 ridentur.''
800 3694 906 3756 Perhaps
938 3695 1059 3757 authority
1071 3695 1137 3742 Sulla
1148 3694 1314 3756 didgranttha
1324 3694 1415 3742 landos
1423 3695 1520 3758 Capua3

319 3757 377 3820 they
394 3757 596 3805 are-‘ominar’
624 3757 738 3816 ‘omuia,’
760 3758 789 3806 Ε.
814 3759 841 3807 F.
859 3760 905 3817 A.;
938 3759 986 3806 and
997 3766 1037 3821 yet
1048 3759 1131 3807 Cicero
1150 3759 1193 3806 has
1210 3759 1260 3806 said
1273 3759 1304 3822 (c.
1322 3759 1365 3820 29)
1383 3760 1438 3807 that
1456 3761 1522 3810 Sulla

320 3837 352 3871 an
363 3822 463 3871 obvious
472 3823 581 3878 blunder.
592 3824 649 3885 long
660 3825 725 3872 ainca
735 3823 865 3872 corrected.
938 3824 978 3871 did
997 3830 1039 3870 not
1056 3825 1112 3870 dare
1129 3829 1155 3871 to
1172 3823 1244 3871 touch
1262 3824 1290 3871 it.
1324 3823 1395 3880 Non,
1415 3825 1483 3873 there
1500 3827 1521 3874 ia

351 3889 522 3949 moyislratam
536 3889 643 3950 Capuae]
659 3888 788 3936 Baiterhaa
803 3888 904 3948 'magia-
938 3886 1189 3949 comedishonestyin
1202 3887 1308 3936 Cicero's
1321 3895 1457 3936 statement.
1482 3890 1521 3938 lla

319 3956 408 4000 uatum
418 3951 515 4014 Capuae
524 3952 566 3999 illo
577 3952 689 4001 meant&
700 3953 904 4009 after'l'uruebus,
937 3953 958 3999 is
969 3958 1012 4000 not
1023 3953 1107 4014 talling
1124 3953 1167 4000 tha
1185 3958 1254 3999 exact
1270 3953 1345 3999 truth.
1378 3953 1443 4000 That
1455 3955 1521 4003 Sulla

318 4017 395 4063 which
407 4017 558 4064 emendation
566 4017 668 4079 perhaps
677 4033 756 4066 comes
763 4018 805 4064 the
811 4021 905 4065 nearest
938 4016 977 4063 did
989 4022 1033 4063 not
1043 4017 1099 4064 dare
1110 4021 1136 4063 to
1147 4017 1220 4064 touch
1232 4017 1274 4063 tha
1286 4017 1342 4064 land
1353 4017 1381 4064 ct'
1388 4018 1520 4080 &mpama

318 4083 345 4128 to
357 4081 398 4128 the
414 4081 488 4128 Mas,
499 4082 610 4143 readings
621 4082 668 4129 aud
684 4083 726 4130 the
742 4097 811 4129 muse
821 4081 849 4129 ol
856 4097 904 4144 any
936 4081 998 4128 isan
1009 4081 1097 4128 absurd
1109 4082 1232 4128 assertion.
1265 4081 1318 4128 The
1338 4096 1393 4128 man
1410 4081 1482 4130 dared
1493 4090 1519 4132 to

318 4144 511 4192 thatharebeen
523 4146 650 4207 proposed.
800 4171 807 4182 =
935 4144 966 4192 do
981 4161 1027 4206 any
1041 4146 1117 4207 thing.
1129 4146 1176 4192 and
1188 4145 1218 4192 he
1233 4145 1273 4192 did
1289 4146 1378 4206 justas
1396 4145 1427 4193 he
1446 4147 1518 4195 lihed.

352 4210 427 4256 Bruti
437 4215 510 4270 utque
526 4212 594 4256 illios
610 4210 737 4272 tempora]
756 4210 867 4271 Nothing
882 4210 903 4257 is
935 4208 976 4256 No
987 4215 1068 4270 tyrant
1079 4215 1120 4271 yct
1130 4210 1184 4257 that
1195 4209 1237 4257 the
1247 4209 1320 4256 world
1332 4211 1375 4256 has
1391 4225 1447 4258 aean
1464 4227 1519 4260 eser

317 4271 404 4319 known
426 4273 454 4319 ol
469 4273 518 4320 this
538 4273 653 4321 ‘colonia’
670 4275 698 4321 of
722 4274 827 4330 Brutosr
854 4273 903 4321 and
935 4273 1216 4336 trampledonapeople
1233 4273 1289 4319 nith
1310 4289 1376 4322 more
1391 4276 1519 4324 soor-nand

317 4335 401 4384 Cicero
412 4337 432 4384 is
443 4338 567 4385 notclear.
602 4339 651 4386 But
661 4338 693 4385 he
703 4339 758 4386 tells
769 4338 902 4385 osthatall
935 4344 1065 4400 contempt.
1098 4337 1227 4386 'l'herrorlr
1245 4337 1274 4384 ol
1291 4337 1381 4386 Brutus
1392 4339 1417 4384 in
1433 4340 1518 4388 found-

316 4399 370 4446 rrho
391 4401 450 4448 took
468 4417 484 4448 a
501 4409 556 4463 part
577 4403 603 4449 in
624 4403 673 4449 this
692 4401 815 4450 ‘colonia'
837 4417 900 4449 were
931 4403 973 4464 ing
991 4417 1006 4449 a
1026 4402 1149 4450 ‘colonia’
1161 4408 1187 4450 at
1202 4401 1285 4462 Capua
1303 4417 1352 4450 nas
1370 4402 1466 4451 undous
1486 4405 1518 4466 hy

315 4464 435 4524 punished
451 4480 477 4512 aa
494 4469 551 4527 they
562 4466 682 4513 deaerred
717 4467 742 4513 lt
754 4466 900 4528 isprobabla
932 4465 1078 4528 somebcdy3
1103 4467 1206 4528 perhaps
1223 4466 1255 4526 by
1273 4467 1346 4514 Sulla
1382 4467 1406 4513 lt
1423 4468 1443 4515 is
1460 4483 1518 4516 con·

316 4525 370 4574 that
380 4527 438 4589 they
447 4544 509 4577 wara
525 4529 651 4592 destroyed
670 4529 703 4592 by
714 4530 788 4579 Sulla.
821 4531 900 4580 Thera
929 4531 1038 4592 jsotursd
1049 4531 1102 4579 that
1113 4531 1151 4580 M.
1163 4531 1285 4580 Brutuais
1300 4531 1341 4579 the
1352 4529 1431 4580 iathar
1440 4533 1469 4580 of
1477 4533 1518 4582 tha
