3517 5325
579 477 803 544 AMERINO
833 477 936 544 uAP.
962 483 1012 559 28,
1038 482 1090 547 29.
1394 487 1429 548 81

231 671 333 736 neque
347 649 503 728 acerbius,
527 670 630 734 neque
652 649 789 735 iniquius
814 649 950 736 proferri
976 657 1094 736 potest.
1142 651 1262 716 Mortis
1281 659 1435 738 paternae

232 750 271 813 de
286 748 386 812 servis
400 746 544 834 paternis
569 748 785 832 quaestionem
808 749 925 812 habere
949 749 1013 812 filio
1038 748 1200 814 nonlicet.
1247 749 1296 814 Ne
1311 749 1434 814 tamdiu

231 847 359 932 quidem
374 845 520 909 dominus
533 845 595 909 erit
608 845 641 908 in
656 867 741 924 suos,
757 845 833 909 dum
850 869 891 910 ex
902 846 941 910 iis
952 848 993 910 de
1008 847 1116 932 patris
1131 853 1234 912 morte
1250 855 1433 933 quaeratur.

233 943 370 1008 Veniam
384 965 487 1029 neque
501 943 548 1007 ita
562 943 662 1007 multo
677 950 752 1028 post
765 943 807 1006 ad
828 944 912 1007 huno
934 943 1050 1008 locum.
1096 943 1180 1008 Nam
1195 945 1256 1009 hoo
1271 951 1377 1010 totum
1392 945 1434 1008 ad

232 1042 368 1107 Roscios
381 1041 529 1127 pertinet,
556 1041 596 1104 de
621 1062 755 1125 qnorum
778 1041 913 1105 audacia
926 1047 997 1106 tum
1022 1065 1073 1105 me
1096 1042 1254 1106 dicturum
1276 1042 1436 1127 pollicitus

230 1163 300 1204 sum
315 1161 413 1225 quum
429 1138 538 1202 Erucii
553 1137 685 1202 erimina
698 1139 873 1204 diluissem.

275 1235 421 1300 XXIX.
446 1235 549 1311 Nunc,
581 1235 688 1311 Eruci,
717 1236 759 1299 ad
787 1245 821 1300 te
851 1236 953 1301 renio.
1014 1235 1190 1302 Conveniat
1221 1237 1296 1302 mihi
1326 1244 1434 1301 tecum

231 1355 361 1398 necesse
380 1341 439 1409 est,
462 1333 491 1397 ai
513 1333 555 1396 ad
577 1333 662 1397 hunc
684 1333 872 1396 maleficium
888 1334 974 1398 istud
1000 1333 1149 1418 pertinet,
1176 1342 1234 1398 aut
1258 1334 1360 1418 ipsum
1376 1354 1434 1397 sna

230 1453 326 1494 mauu
340 1430 462 1508 iecisse,
487 1430 520 1494 id
543 1430 628 1515 quod
651 1452 758 1516 negas,
782 1437 839 1494 aut
864 1453 921 1515 per
946 1430 1068 1515 aliquos
1094 1430 1213 1494 liberos
1238 1439 1295 1494 aut
1313 1451 1434 1494 servos.

233 1530 428 1594 Liberosnel
449 1550 530 1614 quos
553 1549 656 1613 neque
681 1535 719 1590 ut
741 1529 908 1592 convenire
932 1527 1073 1613 potuerit
1096 1549 1200 1612 neque
1226 1549 1289 1612 qua
1310 1525 1434 1591 ratione

231 1627 382 1692 inducere
396 1649 498 1712 neque
513 1627 567 1690 ubi
581 1648 683 1711 neque
698 1647 755 1710 per
776 1647 857 1710 quos
877 1647 979 1710 neque
1002 1647 1064 1710 qua
1085 1647 1151 1710 spe,
1168 1631 1226 1690 aut
1241 1646 1303 1711 quo
1319 1624 1432 1710 pretio,

231 1733 325 1812 potes
353 1725 529 1790 ostendere.
584 1723 657 1810 Ego
685 1731 800 1788 contra
828 1724 972 1800 ostendo,
1001 1745 1064 1786 non
1093 1723 1188 1786 modo
1218 1723 1294 1786 nihil
1324 1745 1434 1788 eorum

231 1823 344 1887 fecisse
359 1823 433 1888 Sex.
450 1823 610 1899 Roscium,
627 1822 685 1886 sed
706 1843 746 1884 ne
767 1821 911 1907 potuisse
927 1820 1055 1906 quidem
1080 1821 1206 1896 iaoere;
1232 1820 1318 1906 quod
1333 1841 1434 1905 neque

233 1921 354 1986 Romae
368 1921 477 1985 multis
490 1920 582 1986 annis
603 1919 700 1984 fuerit
721 1942 822 2005 neque
840 1920 881 1983 de
904 1919 1044 2004 praediis
1069 1941 1218 2004 umquam
1233 1925 1354 1982 temore
1370 1917 1432 1980 dis-

231 2019 373 2084 cesserit.
406 2020 542 2084 Restare
556 2018 616 2083 tibi
631 2017 796 2082 videbatur
809 2039 973 2082 servorum
985 2039 1109 2094 nomen,
1127 2039 1188 2103 quo
1205 2016 1296 2102 quasi
1313 2016 1345 2080 iu
1361 2037 1433 2102 por-

231 2125 301 2182 tum
316 2118 453 2201 rejectus
467 2141 488 2181 a
502 2117 619 2182 ceteris
640 2117 874 2204 suspicionibus
896 2117 1064 2202 confugere
1090 2137 1225 2202 posses;
1250 2115 1304 2179 ubi
1320 2135 1433 2200 seopu-

231 2215 297 2278 lnm
310 2216 441 2280 offendis
455 2215 608 2300 ejusmodi
624 2223 663 2279 ut
683 2237 746 2279 non
767 2215 862 2280 modo
884 2216 926 2278 ab
952 2214 1012 2278 hoc
1038 2213 1157 2278 crimen
1174 2213 1297 2278 resilire
1312 2212 1428 2290 videas,

231 2334 339 2376 verum
367 2335 493 2377 omnem
521 2313 734 2398 suspicionem
770 2313 804 2376 in
838 2311 1049 2396 vosmetipsos
1082 2310 1221 2374 recidere
1259 2309 1431 2394 intelligas.

232 2409 314 2490 Quid
328 2419 480 2496 astorgo,
496 2433 559 2497 quo
580 2411 710 2475 taudem
731 2417 898 2474 aecusator
920 2408 1025 2493 inopia
1046 2413 1308 2492 argumentorum
1323 2405 1433 2469 coniu-

231 2507 334 2592 gerit!
378 2507 544 2593 Ejusmodi
567 2515 693 2592 tempus
718 2513 799 2582 erat,
823 2505 936 2590 inquit,
965 2512 1001 2568 ut
1027 2505 1171 2568 homines
1198 2504 1291 2588 vulgo
1307 2502 1434 2588 impune

232 2605 473 2682 occiderentur;
498 2627 595 2691 quare
609 2613 646 2670 tu
661 2605 722 2669 hoc
736 2609 869 2689 propter
890 2601 1125 2667 multitudinem
1147 2601 1333 2666 sicariorum
1348 2599 1433 2666 nullo

230 2705 360 2790 negotio
375 2704 479 2767 iacere
493 2702 638 2788 potuisti.
684 2702 817 2766 iuterim
837 2700 916 2764 mihi
931 2700 1056 2777 videris,
1082 2698 1191 2778 Eruci,
1210 2722 1272 2764 una
1288 2698 1434 2763 mercede

230 2800 311 2865 duas
337 2822 389 2863 res
411 2800 539 2884 assequi
563 2800 661 2873 velle;
686 2820 745 2862 nos
763 2798 889 2883 jndicio
909 2796 1117 2881 perfundere;
1153 2818 1303 2861 accusare
1326 2802 1435 2861 autem

230 2919 288 2960 eos
304 2897 392 2981 ipsos
420 2918 441 2959 a
463 2896 577 2981 quibus
602 2896 778 2959 mercedem
800 2894 965 2981 accepisti.
1012 2894 1095 2974 Quid
1110 2895 1179 2959 aiat
1201 2894 1294 2980 vulgo
1310 2892 1435 2957 occide·

231 2996 360 3059 bantur.
416 2992 481 3057 Per
505 3014 594 3079 quos,
611 3000 645 3059 et
659 3015 679 3057 a
694 2992 830 3079 quibust
875 2992 989 3057 Nonne
1016 2992 1140 3077 cogitas
1163 2999 1196 3057 te
1218 3014 1238 3056 a
1259 2990 1438 3055 sectoribus

230 3092 292 3155 huc
315 3091 490 3156 adductum
512 3094 603 3156 esset
648 3091 731 3171 Quid
757 3094 892 3177 posteat
938 3089 1105 3155 Nescimus
1129 3112 1186 3176 per
1209 3090 1273 3155 ista
1290 3096 1435 3174 tempora

231 3190 359 3254 eosdem
373 3190 438 3253 iere
453 3198 593 3254 sectores
614 3190 712 3253 inisse
735 3188 886 3253 collorum
911 3196 945 3252 et
967 3189 1142 3252 bonoruml
1188 3187 1216 3251 li
1230 3186 1365 3271 denique
1380 3184 1434 3271 qui

231 3296 301 3353 tum
314 3288 429 3352 armati
444 3286 512 3352 dies
525 3298 697 3373 noctesque
719 3289 962 3365 concursabant,
980 3286 1034 3372 qui
1058 3286 1180 3351 Romae
1195 3292 1287 3350 erant
1301 3282 1431 3364 assidui,

374 3428 390 3453 Ο

263 3485 303 3533 29.
313 3484 411 3544 judicio
417 3484 598 3547 persuaderer]
616 3484 677 3533 'l'bia
687 3485 708 3533 is
718 3484 779 3533 hurd
789 3490 816 3533 to
846 3484 958 3547 persuum
968 3481 1054 3541 acatal
1070 3482 1118 3531 sud
1128 3483 1199 3531 other
1209 3496 1328 3545 passages.

231 3562 327 3609 express
342 3550 368 3595 in
383 3550 497 3611 Enghsh3
514 3549 559 3598 bnt
575 3550 630 3598 itis
645 3556 689 3597 not
706 3550 814 3597 obscura.
878 3549 995 3611 rectores]
1031 3548 1146 3607 ‘Seston’
1166 3552 1197 3595 ‘a
1213 3546 1307 3605 notter,’
1324 3546 1345 3594 is
1356 3550 1433 3595 scut·

232 3612 335 3659 Erucius
351 3614 399 3661 had
409 3629 457 3676 pay
468 3628 497 3662 or
507 3614 560 3661 hira
571 3614 683 3679 (meroes)
694 3615 733 3663 ior
742 3614 816 3675 doing
847 3613 945 3671 throet3
962 3613 1010 3661 tud
1020 3613 1071 3661 uiso
1082 3613 1124 3661 tho
1134 3612 1263 3675 purchases·
1274 3611 1302 3660 oi
1318 3612 1360 3659 tha
1375 3626 1432 3672 pro·

230 3676 268 3723 bis
286 3678 360 3725 work.
399 3678 451 3727 Not
472 3684 571 3727 00th
592 3680 650 3727 with
671 3679 744 3740 doing
769 3693 816 3725 oua
848 3683 917 3739 perty
931 3678 959 3725 ot
973 3693 988 3725 s
1003 3678 1151 3725 condemned
1170 3692 1271 3738 person;
1289 3674 1363 3737 ‘qui,'
1379 3689 1433 3737 ssys

230 3740 308 3803 thing,
316 3742 393 3789 which
403 3743 435 3790 bc
445 3744 607 3805 wsspuidfor
617 3743 697 3805 doing,
710 3744 740 3790 bc
751 3747 817 3789 must
847 3742 974 3799 Asconius,
995 3746 1077 3803 ‘spem
1095 3742 1154 3789 lucri
1173 3742 1211 3789 sui
1229 3746 1345 3803 sequutus
1370 3738 1434 3785 bons

230 3804 261 3853 do
278 3813 325 3853 two
336 3807 431 3867 things:
449 3807 480 3855 bo
494 3814 561 3855 must
576 3808 681 3855 ‘drancb
695 3807 815 3855 ordrovru
848 3806 1061 3853 condemnatorum
1089 3805 1164 3853 semel
1184 3801 1351 3852 condonatur!
1370 3794 1432 3849 ‘Ac-

230 3869 815 3934 Cicaro'sclientiu,by‚orwitbtbistrial;'but,
848 3869 972 3929 cordiugly
997 3869 1029 3916 bo
1050 3884 1165 3932 supposes
1186 3868 1241 3917 thot
1264 3867 1308 3915 tho
1338 3870 1432 3912 ‘sector

230 3948 256 3981 ss
267 3934 288 3981 if
298 3934 330 3981 bo
340 3950 403 3983 nero
416 3942 461 3984 not
471 3936 575 3984 satisfieri
586 3936 644 3983 with
660 3936 722 3991 thot,
734 3935 766 3997 by
777 3936 815 3982 bis
847 3931 977 3981 bonorum'
989 3932 1033 3979 bas
1044 3932 1082 3979 bis
1092 3948 1163 3979 narse
1175 3936 1204 3978 ‘a
1214 3926 1353 3992 sequendo!
1382 3928 1432 3975 But

230 3998 559 4048 ioolisbsdmisdonsboaiso
569 4000 814 4061 briugssnspicionou
846 3998 889 4045 the
900 3996 1034 4045 cut-throst
1044 4001 1110 4043 must
1120 3996 1181 4042 haro
1195 3994 1242 4041 bsd
1259 3993 1296 4041 bis
1312 4006 1383 4039 numo
1401 3996 1433 4039 ‘s

229 4063 272 4111 tho
282 4069 351 4126 party
362 4064 440 4112 which
451 4065 515 4111 bires
525 4065 584 4111 him.
619 4064 745 4112 Hotmauu
757 4064 815 4111 does
846 4061 966 4110 wando!
1002 4060 1027 4107 It
1037 4060 1057 4107 is
1069 4060 1111 4107 the
1122 4074 1187 4105 same
1198 4056 1262 4105 word
1281 4052 1386 4103 ‘sector'
1404 4056 1431 4103 in

230 4134 273 4175 not
286 4129 342 4177 taho
359 4129 477 4177 ‘moes’
495 4128 596 4189 literslly
608 4128 633 4174 in
649 4128 692 4175 tho
708 4127 816 4176 seuwoi
845 4127 905 4175 both
916 4140 988 4173 ossea
1023 4124 1133 4171 SccVol.
1146 4123 1167 4170 1.
1186 4122 1242 4169 Vsr.
1262 4122 1287 4167 ii.
1308 4122 1431 4177 1.c.2t;

230 4191 313 4240 ‘hire'
347 4192 397 4241 But
410 4194 431 4239 it
446 4194 467 4239 is
483 4197 526 4238 not
537 4191 614 4239 worth
625 4192 695 4239 while
710 4198 737 4239 to
747 4192 813 4240 show
845 4192 893 4238 aud
915 4191 1011 4247 Cacsar,
1034 4188 1064 4237 B.
1077 4188 1107 4237 G.
1130 4188 1155 4235 ii.
1177 4190 1217 4244 33,
1240 4185 1288 4233 aud
1310 4184 1353 4231 tho
1373 4190 1431 4233 uoto

229 4257 272 4304 tbc
282 4258 385 4305 aillinass
395 4258 423 4305 oi
435 4258 473 4303 his
489 4262 554 4303 now.
588 4256 615 4302 P.
630 4256 756 4303 montius
766 4271 814 4303 sarr
845 4256 872 4303 in
884 4254 1019 4316 Imufsed.

229 4320 271 4368 the
290 4322 408 4382 methim.
441 4321 552 4369 ‘Judicio
578 4318 731 4381 pertundore'
756 4321 777 4367 is
798 4334 814 4366 ι
877 4317 1076 4379 concursabant]
1112 4315 1240 4365 Klotzhss
1263 4314 1365 4361 ‘circum
1377 4327 1431 4360 cur·

229 4390 313 4448 strong
333 4387 479 4447 expression,
501 4385 549 4433 and
571 4384 655 4432 Cicero
677 4399 732 4445 may
753 4384 814 4431 have
845 4383 947 4439 subant’
960 4398 991 4429 on
1003 4397 1069 4429 some
1079 4381 1208 4441 authority,
1220 4380 1265 4427 but
1281 4379 1301 4425 it
1317 4378 1337 4425 is
1353 4393 1369 4423 s
1384 4376 1431 4425 bad

228 4451 342 4497 invented
352 4453 379 4499 it.
413 4452 466 4499 'l'ho
479 4450 590 4510 naming
600 4449 629 4497 oi
645 4447 813 4510 ‘perfimdere'
846 4448 952 4507 reading,
969 4447 1023 4494 that
1036 4446 1065 4501 is,
1081 4445 1209 4494 itisinlsc.
1243 4444 1329 4505 Comp.
1342 4442 1431 4491 Vott

229 4530 330 4577 appears
351 4516 412 4563 from
433 4516 527 4563 Horace
553 4514 616 4578 (Sat.
634 4514 660 4561 ii.
678 4516 702 4569 7.
719 4528 742 4561 r.
762 4512 816 4575 al),
847 4512 917 4560 Vorr.
928 4512 954 4560 ii.
966 4510 1242 4569 tetbaudum,
1255 4508 1285 4557 B.
1297 4508 1328 4557 G.
1339 4523 1362 4556 r.
1374 4508 1415 4556 to.

230 4580 479 4641 ‘pertunditgolidu'
497 4579 624 4645 (Sat-il.
640 4578 718 4641 aaa)
735 4577 816 4626 ‘ltslo

274 4664 348 4706 vol..
372 4664 410 4707 ΙΙ.
1240 4660 1259 4699 G
