3517 5325
687 471 788 537 OAP.
812 474 950 537 16-18.
1382 480 1430 543 33

222 660 287 705 nou
312 640 393 705 obiit
417 638 546 724 quidam
565 640 670 705 socius
696 648 730 705 et
751 640 854 705 affinis
868 662 967 719 meus,
983 641 1110 727 quicum
1125 642 1203 707 mihi
1224 644 1428 709 necessitudo
1453 638 1457 653 '

222 744 324 813 vetus,
337 738 552 802 controversia
566 738 605 801 de
620 760 655 801 re
666 736 848 822 pecuniaria
865 760 979 803 recens
990 740 1169 804 intercedit.
1216 739 1392 805 Postuione
1406 763 1428 805 a

222 841 370 917 praetore
384 842 421 897 ut
437 834 506 917 ejus
521 834 605 897 bona
619 833 695 897 mihi
710 834 870 918 possidere
885 834 992 911 liceat,
1003 857 1054 914 an,
1066 858 1164 919 quum
1176 835 1298 899 Romae
1313 838 1428 901 domus

222 930 302 1012 ejus,
319 951 409 1005 uxor,
425 928 515 993 liberi
539 928 613 1007 sint,
630 930 756 993 domum
779 930 888 1014 potius
911 932 1114 996 denuntiem?
1160 932 1243 1011 Quid
1265 940 1317 997 est
1339 934 1425 1019 quod

222 1026 282 1088 hac
298 1025 427 1091 tandem
442 1025 482 1089 de
504 1047 539 1089 re
553 1025 642 1089 vobis
664 1026 766 1110 possit
787 1026 907 1091 videri!
951 1027 1103 1093 Profecto
1125 1028 1153 1092 si
1176 1036 1265 1093 recte
1287 1038 1427 1094 vestram

221 1122 400 1186 bonitatem
422 1130 519 1207 atque
548 1123 750 1207 prudentiam
783 1124 926 1209 cognovi,
950 1146 1014 1189 non
1039 1125 1174 1189 multum
1198 1148 1250 1189 me
1278 1126 1369 1203 fallit,
1396 1126 1425 1189 si

223 1218 438 1295 consulemini,
455 1220 530 1303 quid
547 1219 618 1283 sitis
637 1222 839 1305 responsuri:
864 1222 1009 1307 primum,
1026 1230 1234 1307 exspectar03
1258 1222 1380 1300 deinde,
1396 1222 1424 1286 si

221 1316 350 1381 latitare
371 1338 410 1381 ac
432 1316 551 1381 diutius
572 1315 733 1380 ludificare
748 1318 903 1393 videatur,
918 1318 1038 1384 amicos
1059 1320 1246 1393 convenire;
1271 1341 1425 1404 quaerere

222 1413 293 1498 quis
321 1420 509 1499 procurator
534 1413 597 1477 sit:
623 1414 752 1477 domum
776 1414 973 1480 denuntiare.
1019 1414 1094 1479 Dici
1116 1416 1170 1479 vix
1195 1422 1304 1500 potest
1329 1437 1425 1499 quam

221 1509 323 1574 multa
348 1510 413 1575 sint
438 1531 519 1594 quae
542 1510 761 1595 respondeatis
786 1518 861 1575 ante
886 1512 956 1576 fieri
981 1518 1129 1597 oportere
1155 1534 1249 1598 quam
1273 1512 1316 1575 ad
1340 1512 1424 1576 hanc

221 1606 378 1670 rationem
403 1614 578 1671 extremam
599 1608 810 1671 necessariam
836 1608 993 1673 devenire.
1053 1608 1137 1690 Quid
1166 1609 1208 1671 ad
1236 1608 1315 1673 haec
1340 1608 1424 1673 Nae-

221 1703 309 1767 viusi
353 1702 451 1767 Ridet
466 1703 585 1767 scilicet
602 1712 745 1769 nostram
766 1705 951 1781 amentiam,
966 1705 1020 1789 qui
1041 1705 1074 1768 in
1098 1705 1164 1769 vita
1184 1726 1245 1769 sua
1265 1706 1423 1769 rationem

222 1800 337 1863 summi
352 1800 446 1863 officii
461 1800 675 1865 desideremus
690 1810 723 1866 et
734 1802 885 1867 instituta
898 1804 1053 1867 bonorum
1064 1802 1203 1865 virorum
1213 1802 1422 1887 requiramus.

223 1896 307 1977 Quid
335 1896 422 1974 mihi,
449 1896 560 1981 inquit,
586 1920 658 1963 cum
687 1899 750 1963 ista
778 1920 903 1963 summa
930 1898 1142 1963 sanctimonia
1170 1921 1208 1963 ac
1238 1898 1422 1983 diligentia!
1501 1976 1507 1985 ,

223 1994 382 2071 Viderint,
399 1994 511 2079 inquit,
524 1995 587 2061 ista
598 1996 701 2061 officia
711 1997 768 2061 viri
780 1998 875 2062 boni:
901 1998 941 2061 de
955 2004 1125 2061 meantem
1139 1996 1186 2061 ita
1197 1998 1419 2073 considerent;

221 2114 295 2169 non,
312 2092 386 2177 quid
401 2092 543 2171 habeam,
559 2093 615 2157 sed
630 2094 745 2179 quibus
759 2096 854 2159 rebus
868 2094 1050 2171 invenerim,
1065 2103 1239 2180 qmcrant;
1264 2103 1298 2159 et
1312 2117 1422 2180 quem·
1539 2158 1545 2166 ,

221 2190 391 2254 admodum
415 2197 511 2253 natus
533 2197 566 2254 et
589 2214 652 2276 quo
677 2199 773 2276 pacto
798 2192 953 2256 educatus
975 2191 1046 2257 sim.
1108 2191 1254 2257 Memini.
1315 2193 1422 2257 Vetus

222 2295 289 2350 est:
313 2287 362 2349 Da
371 2308 481 2351 scurra
491 2286 584 2351 multo
591 2289 726 2371 facilior
736 2289 861 2353 elicitam
871 2310 964 2375 quam
971 2290 1236 2374 patremfamilias
1241 2290 1318 2372 ficri
1325 2310 1421 2375 pom.

223 2382 315 2447 Haec
338 2383 398 2463 ille,
426 2385 454 2449 si
477 2384 581 2449 verbis
603 2407 667 2449 non
686 2387 793 2463 audet,
824 2408 859 2450 re
882 2386 1010 2471 quidem
1037 2408 1113 2450 vera
1137 2388 1242 2471 palam
1269 2386 1421 2471 loquitur.

223 2479 352 2544 Etenim
371 2481 399 2545 si
424 2482 493 2546 vult
517 2482 655 2545 virorum
678 2483 832 2546 bonorum
855 2482 1005 2547 instituto
1029 2482 1141 2560 vivere,
1168 2482 1269 2546 multa
1294 2488 1422 2567 oportet

221 2576 325 2643 diseat
349 2586 446 2664 atque
471 2578 633 2652 dediscat;
668 2601 801 2664 quorum
825 2579 869 2641 illi
892 2579 994 2643 aetati
1019 2586 1187 2664 utrumque
1213 2578 1337 2641 difficile
1359 2585 1422 2644 est.

221 2673 363 2738 XVIII.
387 2675 461 2738 Non
483 2675 633 2754 dubitavi,
658 2675 770 2760 inquit,
787 2697 884 2760 quum
906 2676 1118 2740 vadimonium
1140 2678 1302 2741 desertum
1324 2684 1422 2754 esset,

220 2771 304 2834 bona
318 2772 523 2856 proscribere.
569 2771 735 2856 Improbe:
761 2794 878 2849 verum,
896 2773 1046 2858 quoniam
1060 2781 1098 2836 tu
1117 2773 1150 2836 id
1167 2773 1227 2836 tibi
1241 2794 1373 2856 arrogas
1387 2779 1423 2836 et

220 2869 350 2932 concedi
364 2868 516 2952 postulas,
534 2869 753 2932 concedamus.
799 2868 892 2948 Quid,
909 2869 936 2933 si
951 2891 1123 2954 numquam
1138 2869 1297 2933 desernit?
1318 2870 1344 2932 si
1360 2869 1424 2933 ista

220 2985 335 3028 caussa
349 2965 407 3028 abs
421 2972 455 3028 te
470 2971 542 3028 tota
556 2986 613 3049 per
633 2987 789 3028 summam
810 2965 954 3030 fraudem
975 2973 1009 3030 et
1030 2965 1184 3030 malitiam
1204 2965 1282 3029 ficta
1302 2967 1373 3029 esti
1394 2965 1422 3028 si

219 3061 433 3125 vadimonium
443 3061 570 3124 omnino
580 3061 638 3126 tibi
651 3083 723 3126 cum
740 3061 779 3125 P.
790 3061 921 3142 Quintio
934 3062 1054 3126 nullum
1069 3063 1149 3126 tuitt
1171 3083 1233 3147 quo
1247 3069 1282 3126 te
1296 3062 1422 3125 nomine

220 3157 433 3242 appellemus?
479 3156 681 3243 Improbumi
725 3158 773 3222 At
783 3159 882 3222 etiam
893 3158 921 3223 si
932 3159 1092 3223 desertum
1103 3157 1314 3222 vadimonium
1324 3165 1421 3235 esset,

220 3255 375 3319 tamenin
394 3253 458 3318 ista
477 3254 691 3340 postulatione
706 3262 740 3320 et
754 3257 986 3342 proscriptione
1001 3257 1157 3320 bonorum
1171 3255 1422 3340 improbissimus

220 3351 425 3436 reperiebare.
484 3352 702 3417 Malitiosam!
732 3375 795 3417 non
825 3375 935 3438 negas.
990 3353 1265 3419 Fraudulentumi
1292 3355 1360 3438 jam
1389 3353 1422 3416 id

221 3449 346 3533 quidem
367 3470 500 3534 arrogas
515 3449 572 3512 tibi
593 3457 628 3514 et
651 3449 848 3534 praeclarum
873 3458 979 3535 putas.
1035 3449 1222 3515 Audacem!
1252 3450 1423 3535 cupidum!

220 3546 442 3630 perfidiosum?
487 3545 643 3632 Vulgaria
665 3552 699 3608 et
726 3545 868 3611 obsoleto
893 3554 988 3620 sunt;
1012 3568 1064 3612 res
1086 3557 1196 3612 autem
1218 3567 1301 3610 nova
1324 3555 1422 3630 atque

221 3740 305 3787 notion
320 3738 347 3788 ct
356 3741 436 3803 going,
447 3740 495 3788 rud
506 3756 536 3789 cn
547 3741 628 3804 object
638 3756 667 3790 or
680 3741 727 3790 end
738 3747 764 3790 to
774 3756 805 3804 gc
838 3741 1011 3799 Orellirvritcr,
1030 3741 1121 3790 ‘Vetus
1132 3745 1170 3790 ert
1180 3741 1211 3788 dc
1226 3755 1320 3789 amm:
1339 3739 1422 3787 Multo

220 3809 246 3850 ιο
257 3805 305 3851 aud
320 3805 399 3852 mah.
433 3805 462 3852 lu
475 3805 564 3868 PIIny'r
575 3805 669 3854 letters
691 3805 750 3868 (viii.
764 3806 804 3869 la)
837 3805 948 3862 arbim:
960 3810 1013 3862 tau,
1023 3805 1102 3853 rrhch
1113 3806 1133 3853 ia
1144 3821 1159 3853 ι
1169 3805 1217 3852 bad
1227 3805 1393 3866 punctuation.

220 3867 288 3914 there
299 3869 320 3915 is
331 3867 446 3916 ‘obeunti
457 3869 487 3916 ad
495 3869 646 3926 vadImonia‚'
658 3871 750 3931 though
758 3885 806 3917 oue
872 3872 911 3917 18.
928 3868 1062 3929 malitiatur]
1082 3869 1127 3916 See
1138 3869 1194 3916 Vol.
1204 3868 1226 3914 1.
1237 3868 1307 3915 Varr.
1318 3867 1373 3913 Act
1382 3865 1422 3912 Pr.

220 3931 275 3979 ΜΒ.
298 3933 319 3980 ir
336 3933 386 3979 said
409 3939 434 3980 ιο
452 3934 512 3981 omit
529 3934 570 3982 the
593 3932 656 3992 ‘adl
673 3935 805 3982 andremo
837 3949 859 3980 o.
873 3934 912 3979 ΙΙ.

219 3996 299 4042 αἰιίοο
310 3996 380 4044 tbiuk
391 3997 443 4044 that
454 3998 474 4044 it
487 3999 507 4044 is
524 3997 627 4058 scarcely
643 3997 723 4046 latin.
756 3997 806 4045 Yet
870 3995 1045 4042 Matilicruml
1061 4008 1109 4042 aon
1125 3993 1220 4054 repca]
1256 3993 1338 4039 ‘Num
1354 3992 1423 4038 mali·

221 4059 621 4122 ‘obiroad'cccursulaoinla'vy
634 4059 733 4124 (Mb).
838 4060 944 4107 tiorum?
969 4072 1019 4105 non
1040 4056 1130 4118 nagal
1159 4071 1226 4104 rome
1247 4057 1357 4103 editione.
1398 4056 1423 4103 1t

252 4125 553 4186 domum-dmiratieml]
593 4125 653 4172 Thio
675 4139 757 4172 means
778 4129 805 4172 ιο
838 4124 896 4172 door
911 4128 955 4170 not
964 4135 1053 4183 appear
1063 4121 1117 4168 that
1136 4119 1245 4167 ‘non'is
1259 4120 1284 4166 in
1295 4120 1338 4166 the
1348 4119 1422 4167 Mss.

218 4187 400 4236 leavoanotica
414 4193 440 4236 at
455 4189 589 4235 thchouse.
624 4189 804 4236 ''Praetoraitz
839 4189 864 4235 It
881 4203 930 4233 war
948 4185 1025 4233 added
1041 4185 1075 4246 by
1091 4184 1231 4232 IambInur.
1264 4183 1379 4230 Thimeen
1397 4184 1426 4232 of

219 4251 286 4298 Dum
304 4253 325 4298 ei
342 4253 384 4314 qui
399 4251 475 4299 aberit
486 4251 660 4312 prIusdomum
671 4252 807 4300 denuntiari
840 4250 944 4300 Keller's
961 4250 1035 4297 MSS.
1054 4249 1115 4296 bavo
1137 4253 1201 4296 ‘non
1218 4247 1362 4295 malitiosum
1380 4263 1423 4296 ne-

216 4315 335 4376 jubeam''
355 4315 425 4378 (Ulp.
439 4317 494 4377 Dig.
506 4318 546 4366 39.
559 4319 582 4362 2.
594 4317 618 4362 l.
632 4319 644 4372 ὅ
657 4315 692 4376 d).
840 4315 908 4376 gas?
925 4313 1057 4361 andOrelIi
1068 4329 1122 4374 says
1132 4313 1186 4360 that
1197 4327 1268 4373 many
1280 4311 1353 4359 MSS.
1362 4313 1423 4360 bave

251 4385 386 4428 extremam
405 4379 577 4440 arcamariam]
612 4379 690 4426 Thero
703 4379 723 4426 is
742 4377 805 4440 good
840 4375 1061 4426 ‘non’tor‘num’
1080 4377 1154 4424 ‘Non
1170 4375 1422 4438 maIItIosumnegnst’

218 4444 342 4504 authority
358 4443 396 4491 tor
418 4441 607 4492 ‘meandum'
641 4442 747 4504 Perhaps
763 4443 805 4490 tha
838 4458 883 4490 oon
904 4441 989 4503 hardly
1008 4441 1039 4487 be
1059 4441 1131 4502 right.
1165 4441 1190 4488 It
1211 4455 1288 4489 rcoma
1309 4440 1363 4490 that
1381 4441 1424 4490 tuo

219 4507 376 4568 conjunctiora
387 4509 430 4556 bae
441 4507 548 4571 dropped
560 4511 611 4556 out.
839 4505 915 4555 ‘non'
927 4505 1070 4568 hnmcrdy
1082 4505 1319 4568 cbaugcditaplace.

256 4574 331 4620 Vetar
352 4573 417 4636 retr]
461 4573 503 4622 ‘lt
524 4573 545 4622 is
576 4587 608 4620 an
637 4571 677 4620 old
706 4569 806 4634 rapina!
