3517 5325
67 4648 74 4689 l

318 491 383 553 104
512 488 648 554 ORA'I'.
672 487 763 554 PRO
793 486 900 553 SEX.
923 483 1089 552 Rosolo
1114 485 1345 552 AMERINO.

315 659 465 745 fugerint,
482 659 521 724 de
536 659 704 746 improviso
719 658 872 724 incidant.
919 658 1075 723 Nimirum
1089 657 1234 724 similiter
1255 656 1452 722 arbitrantur
1465 653 1521 722 isti

315 758 469 821 bonorum
484 765 643 842 emptores
657 779 714 821 ros
729 757 788 835 hic,
804 757 885 822 tales
896 756 990 834 viros,
1007 757 1118 820 sedere
1134 754 1372 850 qui-excipiatis
1394 777 1448 818 eos
1467 755 1522 840 qui

316 855 356 919 de
375 854 441 919 suis
465 855 611 918 manibus
633 855 811 940 effugerint.
855 853 910 917 Dii
937 854 1134 940 prohibeant,
1154 853 1287 938 jndices,
1303 859 1340 916 ut
1361 852 1422 916 boc
1437 853 1522 938 quod

315 954 453 1037 majores
467 953 633 1018 consilium
648 953 807 1039 publicum
821 952 927 1016 vocari
950 953 1126 1030 voluerunt,
1153 950 1345 1036 praesidium
1361 957 1522 1014 sectorum

315 1050 524 1117 existimetur.
569 1051 626 1114 An
639 1073 722 1129 vero,
741 1050 873 1135 judices,
891 1071 947 1113 vos
971 1071 1036 1113 non
1060 1049 1240 1134 intelligitis
1259 1049 1337 1112 nihil
1362 1048 1447 1112 aliud
1467 1048 1520 1132 agi

202 1227 209 1238 ι
315 1147 377 1212 nisi
391 1157 427 1212 ut
442 1149 692 1236 proscriptorum
706 1148 796 1212 liberi
811 1148 922 1233 quavis
937 1147 1059 1212 ratione
1082 1148 1244 1224 tollantur,
1271 1155 1306 1210 et
1319 1147 1389 1230 ejus
1403 1145 1448 1209 rei
1463 1145 1520 1208 ini-

315 1246 397 1310 tium
419 1246 452 1309 in
477 1254 584 1312 vestro
604 1246 811 1332 jurejurando
836 1253 934 1330 atque
949 1245 982 1308 in
1003 1245 1077 1309 Sex.
1099 1244 1207 1309 Roscii
1226 1244 1365 1329 periculo
1390 1243 1521 1329 quaeri!

317 1343 458 1407 Dubium
473 1344 579 1408 estad
594 1366 688 1430 quem
702 1343 891 1408 maleficium
906 1343 1072 1428 pertineat,
1090 1363 1187 1427 quum
1209 1341 1343 1406 videatis
1365 1363 1406 1404 ex
1420 1341 1521 1405 altera

315 1448 407 1527 parte
432 1451 599 1521 sectorem,
625 1441 794 1517 inimicum,
820 1439 969 1504 sicarium
994 1439 1200 1524 eumdemque
1226 1445 1444 1504 accusatorem
1459 1438 1519 1502 hoc

315 1547 468 1624 tempore,
484 1561 525 1603 ex
539 1539 641 1605 altera
654 1545 746 1624 parte
760 1545 918 1623 egentem,
934 1538 1103 1623 probatum
1119 1537 1185 1600 suis
1199 1535 1308 1614 filium,
1326 1536 1358 1599 in
1380 1558 1442 1621 quo
1456 1557 1520 1599 non

315 1637 411 1700 modo
426 1637 518 1722 culpa
534 1637 628 1714 nulla,
645 1637 700 1700 sed
717 1658 757 1699 ne
770 1635 909 1720 suspicio
925 1635 1050 1719 quidem
1061 1633 1167 1720 potuit
1182 1634 1376 1698 consisteret
1420 1632 1519 1696 Num-

316 1735 393 1819 quid
421 1735 472 1798 hic
508 1734 593 1798 aliud
620 1733 736 1800 videtis
765 1734 893 1798 obstare
925 1733 1054 1812 Roscio,
1087 1733 1147 1798 nisi
1181 1733 1266 1819 quod
1304 1731 1407 1818 patris
1436 1733 1520 1796 bona

317 1832 505 1896 venierunt?

362 1928 461 1992 LIII.
485 1928 619 2008 Quodsi
641 1929 673 1993 id
688 1951 745 1993 vos
767 1929 929 2015 suscipitis
946 1936 980 1994 et
999 1930 1040 1994 ad
1055 1930 1200 1994 eamdem
1224 1951 1292 1993 rem
1307 1949 1435 2014 operam
1452 1951 1519 1994 ves-

317 2033 401 2090 tram
424 2025 636 2110 profitemini3
662 2026 690 2090 si
710 2025 827 2091 idcirco
853 2027 973 2091 sedetis
995 2034 1033 2091 ut
1055 2027 1096 2090 ad
1122 2048 1178 2090 vos
1198 2026 1396 2091 adducantur
1410 2049 1518 2091 eorum

318 2121 408 2187 liberi
423 2145 557 2208 quorum
571 2124 655 2187 bona
669 2123 849 2197 venierunt3
867 2131 986 2202 cavete,
1003 2146 1060 2210 per
1072 2124 1160 2188 Deos
1168 2124 1370 2202 immortales,
1383 2125 1517 2209 judices,

317 2243 357 2284 ne
368 2242 450 2284 nova
463 2228 498 2285 et
511 2221 612 2286 multo
626 2220 781 2285 crudelior
795 2243 852 2307 per
863 2243 920 2285 vos
930 2222 1121 2308 proscriptio
1137 2222 1314 2287 instaurata
1328 2243 1398 2286 esse
1412 2222 1519 2286 ridea-

317 2327 382 2384 tur.
438 2318 529 2382 Illam
548 2319 693 2403 priorem,
710 2320 890 2404 quaefacta
911 2327 961 2385 est
980 2319 1012 2383 in
1035 2319 1158 2405 eosqui
1174 2341 1262 2384 arma
1279 2341 1392 2405 capere
1406 2326 1519 2406 potue-

317 2423 402 2490 ruut,
419 2423 527 2481 tamen
550 2425 681 2481 senatus
706 2417 866 2504 suscipere
890 2419 1000 2498 noluit,
1026 2441 1066 2482 ne
1090 2418 1165 2504 quid
1191 2418 1295 2482 acrius
1315 2439 1408 2504 quam
1430 2439 1519 2481 more

317 2515 473 2599 majorum
489 2523 706 2599 comparatum
730 2523 780 2580 est
803 2516 929 2600 publico
945 2515 1075 2580 oonsilio
1090 2517 1211 2580 factum
1233 2515 1409 2580 videretur:
1437 2515 1518 2578 hanc

317 2635 400 2689 vero,
417 2635 497 2700 quae
511 2613 552 2677 ad
567 2634 676 2677 eorum
698 2612 813 2679 liberos
827 2621 923 2700 atque
947 2613 1113 2679 infantium
1138 2635 1306 2700 puerorum
1331 2613 1520 2678 incunabula

317 2712 465 2795 pertinet,
481 2711 541 2775 nisi
561 2712 621 2775 hoc
633 2710 753 2796 judicio
768 2735 788 2775 a
799 2712 889 2777 robis
903 2712 1035 2797 rejicitis
1050 2718 1084 2777 et
1097 2712 1315 2797 aspernamini,
1332 2712 1445 2791 videte,
1462 2732 1519 2797 per

318 2808 406 2873 Deos
435 2808 637 2890 immortales,
666 2831 759 2895 quem
791 2810 825 2874 in
861 2810 965 2875 locum
1004 2832 1071 2874 rem
1102 2809 1258 2895 publicam
1298 2818 1518 2895 perventuram

316 2907 448 2993 putetis.

362 3006 518 3070 Homines
539 3006 699 3091 sapientes
713 3012 748 3071 et
762 3005 826 3069 ista
838 3006 1031 3071 auctoritate
1046 3012 1077 3071 et
1093 3012 1257 3092 potestate
1271 3004 1519 3090 praeditusque

317 3124 375 3166 vos
389 3102 477 3179 estis,
494 3125 534 3166 ex
548 3103 662 3187 quibus
684 3104 779 3167 rebus
798 3104 935 3167 maxime
960 3126 1012 3167 res
1034 3104 1159 3189 publica
1173 3104 1306 3183 laborat,
1323 3102 1362 3167 iis
1381 3101 1518 3166 maxime

318 3199 438 3263 mederi
454 3199 611 3264 convenit.
666 3199 822 3263 Vestrum
836 3222 930 3264 nemo
946 3208 995 3264 est
1010 3202 1085 3285 quin
1110 3200 1268 3285 intelligat
1293 3200 1441 3287 populum
1453 3199 1518 3262 Ro

317 3318 456 3370 manum,
473 3296 526 3380 qui
540 3296 698 3380 quondam
712 3297 745 3359 in
760 3296 870 3359 hostes
892 3296 1069 3360 lenissimus
1089 3296 1341 3375 existimabatur,
1357 3297 1418 3360 hoc
1438 3303 1519 3361 tem-

318 3414 396 3477 pore
430 3392 607 3457 domestica
638 3392 826 3457 crudelitate
849 3394 1003 3459 laborare.
1063 3394 1159 3457 Hanc
1191 3394 1293 3459 tollite
1319 3418 1359 3459 ex
1379 3394 1517 3469 civitate,

315 3488 449 3573 judices,
473 3490 555 3554 hanc
576 3490 644 3576 pati
664 3490 764 3555 nolite
790 3490 910 3556 diutius
932 3492 964 3554 in
984 3492 1044 3555 hac
1070 3513 1103 3555 re
1123 3491 1250 3576 publica
1272 3493 1409 3566 versari;
1438 3512 1519 3576 quae

318 3608 382 3650 non
397 3587 492 3650 modo
507 3587 539 3649 id
554 3588 652 3652 habet
672 3588 705 3651 in
719 3610 754 3651 se
773 3588 857 3666 mali,
874 3589 959 3674 quod
982 3596 1033 3653 tot
1057 3588 1141 3653 cives
1166 3588 1363 3653 atrocissime
1378 3590 1516 3667 sustulit,

319 3684 540 3749 verumetiam
555 3684 915 3750 bominibuslenissimis
938 3686 1057 3751 ademit
1079 3686 1329 3751 misericordiam
1350 3690 1542 3751 consuetu-⁴

319 3781 392 3845 dine
406 3782 685 3847 incommodorum.
728 3782 812 3846 Nam
831 3805 929 3868 quum
953 3784 1097 3849 omnibus
1120 3785 1205 3848 horis
1228 3784 1346 3870 aliquid
1366 3784 1521 3848 atrociter

319 3878 387 3943 lieri
407 3880 549 3945 videmus
570 3888 627 3945 aut
651 3880 805 3961 audimus,
829 3881 926 3947 etiam
950 3880 1002 3967 qui
1025 3888 1139 3947 natura
1153 3882 1310 3947 mitissimi
1325 3902 1444 3959 snmus,
1469 3902 1519 3944 as-

318 3977 470 4044 siduitate
507 3977 723 4043 molestiarum
759 4000 887 4044 sensum
923 4000 1047 4044 onmem
1081 3979 1289 4045 humanitatis
1325 4002 1365 4044 ex
1405 3978 1521 4043 animis
1577 3974 1581 3981 ’

319 4076 506 4141 amittimus.

353 4260 394 4307 53.
414 4258 487 4317 Quod
505 4261 528 4307 ιι·
548 4260 589 4319 r‘d]
625 4258 639 4306 1
669 4258 732 4307 inter
755 4260 818 4307 from
839 4259 906 4308 nbat
937 4260 1035 4324 rading
1054 4263 1133 4326 ‘quod
1154 4262 1314 4311 nobishoc
1337 4258 1455 4324 pugnart'
1475 4264 1520 4308 &c

320 4323 397 4372 Orelli
408 4340 462 4385 says
476 4324 530 4372 that
541 4324 591 4370 ‘id’
602 4324 624 4371 ia
634 4330 679 4371 not
689 4324 714 4371 in
725 4325 757 4372 all
768 4324 810 4372 tbs
820 4324 904 4382 MSS„
937 4326 996 4374 This
1013 4330 1149 4391 expression
1165 4328 1207 4375 bas
1225 4328 1290 4376 osten
1308 4326 1368 4375 been
1387 4324 1521 4373 misunder-

320 4387 366 4435 bnt
375 4388 492 4449 probably
502 4388 523 4434 it
532 4387 730 4449 ougbttobem.
750 4388 800 4437 Yet
811 4390 903 4452 ‘qnod’
938 4390 1014 4439 stood.
1055 4392 1099 4440 Sea
1129 4392 1183 4439 Vol
1208 4392 1228 4439 l.
1249 4392 1318 4440 Vcrr.
1340 4392 1365 4439 ii.
1390 4392 1411 4439 l.
1434 4406 1455 4437 c.
1478 4392 1519 4447 26,

320 4452 341 4499 la
360 4452 402 4499 the
418 4452 523 4510 relative,
541 4452 589 4499 and
604 4453 678 4502 refers
691 4454 770 4502 totbe
781 4460 902 4511 sentence.
938 4456 1015 4517 ‘quod
1033 4456 1076 4504 nbi
1094 4458 1134 4505 ille
1150 4456 1175 4504 id
1192 4456 1247 4518 sgt'
1267 4458 1320 4515 tra,
1343 4456 1421 4503 which
1438 4454 1520 4501 differs

319 4516 377 4564 ‘An
395 4530 451 4564 vero
470 4516 579 4577 judicen'
598 4522 658 4577 διας
683 4519 732 4567 and
751 4519 801 4567 ‘id'
819 4520 841 4567 ir
860 4519 904 4567 the
935 4519 1300 4585 insumersspcctsiromtbisr
1318 4521 1434 4569 andVer.
1452 4520 1477 4567 ii.
1495 4520 1517 4566 1.

321 4580 416 4645 ‘³³⁰⁶'
438 4582 559 4644 repeated.
592 4582 1010 4634 hadrumetum.
