3517 5325
358 462 422 524 440
618 458 755 524 ORAT.
779 458 825 523 II.
849 455 913 521 DE
939 456 1063 522 LEGE
1086 456 1302 523 AGRARIA

362 628 431 712 ipsc
444 628 648 692 vehementer
661 630 795 714 gaudeo.
841 628 905 691 Sed
921 628 997 713 quid
1017 629 1095 692 haec
1113 628 1330 714 impudentia!
1375 626 1438 709 Qui
1453 649 1571 713 agrum

363 725 609 791 Recentoricum
631 728 804 813 possident,
820 734 983 792 vetustate
1004 728 1213 813 possessionis
1227 750 1271 805 se,
1288 749 1351 790 non
1370 728 1454 811 jure,
1475 728 1569 789 mise-

363 822 500 885 ricordie
514 833 654 900 senatus,
669 848 733 888 non
747 826 816 911 agri
831 825 1014 889 conditione
1029 826 1213 889 defendunt.
1252 825 1335 888 Nam
1349 824 1438 888 illum
1452 846 1570 908 agrum

362 920 522 1005 publicum
537 944 608 985 esse
623 923 784 987 fatentur:
809 944 844 986 se
858 922 976 987 moveri
991 922 1253 1007 possessionibus,
1268 922 1470 985 amicissimis
1485 921 1569 984 sedi-

361 1016 422 1079 bus
444 1040 482 1080 ac
506 1018 565 1081 diis
589 1020 768 1103 penatibus,
792 1028 912 1104 negant
932 1026 1088 1105 oportere.
1134 1024 1187 1083 Ac
1208 1020 1235 1082 si
1257 1028 1308 1082 est
1329 1019 1474 1103 privatus
1489 1040 1570 1103 ager

363 1112 602 1192 Recentoricus,
619 1117 694 1201 quid
716 1140 789 1181 eum
810 1117 950 1202 excipis?
973 1118 1022 1180 sin
1037 1124 1146 1180 autem
1160 1116 1315 1201 publicus,
1339 1138 1420 1201 quae
1436 1123 1488 1179 est
1503 1115 1569 1178 ists

361 1212 507 1296 aequitas
522 1220 655 1291 ceteros,
672 1215 798 1279 etiamsi
813 1214 927 1299 privati
942 1214 1017 1291 sint,
1039 1214 1225 1297 permittere
1241 1222 1278 1277 ut
1292 1213 1408 1298 publici
1420 1213 1569 1297 judicen-

363 1317 436 1383 tur;
463 1310 547 1374 hunc
562 1312 709 1396 excipere
723 1311 920 1389 nominatim,
945 1312 998 1397 qui
1022 1311 1167 1395 publicus
1183 1332 1254 1374 esse
1269 1311 1431 1374 fateatur?
1475 1310 1569 1395 Ergo

363 1428 473 1470 eorum
496 1430 574 1493 ager
602 1410 759 1494 excipitur
787 1409 842 1494 qui
870 1410 955 1493 apud
980 1408 1107 1471 Rullum
1135 1408 1199 1471 alie
1227 1408 1350 1473 ratione
1375 1408 1567 1471 valuerunt:

364 1505 462 1567 ceteri
488 1506 558 1591 agri
582 1507 769 1591 omnesqui
794 1507 912 1591 ubique
934 1514 1019 1586 sunt,
1044 1506 1112 1569 sine
1132 1506 1196 1568 ullo
1214 1505 1349 1582 delectu,
1374 1505 1443 1568 sine
1457 1506 1570 1590 populi

364 1601 500 1665 Romani
536 1604 674 1680 notione,
712 1604 781 1667 sine
813 1604 935 1689 judicio
972 1612 1103 1667 senatus
1140 1602 1325 1666 decemviris
1363 1602 1570 1666 addicentur.

364 1698 490 1763 XXII.
515 1700 626 1786 Atque
646 1702 744 1765 etiam
761 1711 812 1767 est
833 1702 896 1766 alia
918 1702 1080 1787 superiore
1103 1701 1284 1785 capitequo
1307 1700 1411 1763 omnia
1425 1708 1571 1764 veneunt

363 1806 554 1881 quaestuosa
583 1800 739 1882 exceptio,
773 1821 854 1884 quae
884 1807 976 1885 teget
1006 1820 1061 1863 eos
1096 1820 1191 1883 agros
1222 1799 1261 1861 de
1290 1798 1404 1883 quibus
1436 1797 1570 1861 foedere

362 1903 491 1956 cautum
506 1902 567 1957 ost.
607 1896 742 1959 Audivit
757 1897 839 1960 hanc
854 1918 923 1959 rem
937 1918 1001 1959 non
1016 1917 1036 1959 u
1049 1917 1109 1973 me,
1127 1896 1183 1959 sed
1198 1896 1239 1959 sb
1253 1896 1323 1959 aliis
1337 1895 1452 1979 agitari
1468 1916 1570 1979 saepe

361 1987 395 2050 in
417 1997 542 2065 senatu,
557 2013 792 2075 nonnumquam
815 2016 856 2056 ex
878 1994 938 2056 hoc
959 1993 1038 2069 loco,
1054 1993 1217 2077 possidere
1238 2014 1333 2078 agros
1353 1993 1384 2055 in
1400 2014 1457 2055 cru
1469 1992 1567 2055 meri-

363 2086 442 2150 tima
464 2108 571 2170 regem
587 2088 812 2174 Hiempsalem,
836 2110 917 2174 quos
934 2090 972 2154 P.
989 2089 1160 2153 Africanus
1180 2090 1297 2174 populo
1312 2088 1457 2153 Romano
1474 2090 1567 2173 adju-

365 2176 488 2259 dicarit,
519 2195 553 2249 et
582 2192 688 2249 tamen
718 2194 829 2271 postea
854 2208 912 2271 per
938 2187 974 2251 G.
1002 2186 1132 2252 Oottam
1155 2186 1316 2251 consulem
1340 2196 1467 2249 cautum
1493 2209 1566 2250 esse

362 2281 498 2345 foedere.
545 2281 619 2347 Hoc
633 2284 706 2368 quia
721 2306 777 2347 vos
797 2285 910 2349 foedus
932 2308 995 2349 non
1013 2285 1182 2369 jusseritis,
1198 2291 1325 2348 veretur
1343 2284 1511 2369 Hiempsal
1527 2293 1567 2348 ut
1593 2350 1596 2353 ,
1675 2274 1676 2277 ¹

363 2377 445 2442 setis
458 2378 584 2442 firmum
598 2380 642 2445 sit
657 2388 818 2445 stratum.
866 2382 960 2462 Quid,
986 2382 1162 2466 cujusmodi
1177 2390 1227 2446 est
1241 2382 1337 2444 illudi
1358 2381 1481 2445 tollitur
1496 2402 1566 2443 ves-

363 2482 449 2537 trum
477 2475 650 2559 judicium:
685 2479 797 2543 foedus
818 2467 930 2544 ‘totum
960 2480 1136 2565 excipitur:
1177 2480 1409 2563 comprobatur.
1471 2480 1565 2559 Quod

363 2572 477 2637 minuit
492 2575 673 2639 auctionem
689 2577 928 2640 decemviralem
950 2577 1065 2650 laudo;
1092 2577 1176 2662 quod
1195 2576 1261 2662 regi
1276 2577 1377 2640 amico
1392 2584 1484 2641 caret
1499 2597 1563 2638 non

363 2671 580 2754 reprehendo;
605 2675 689 2758 quod
704 2697 767 2738 non
782 2676 885 2760 gratis
904 2676 943 2740 fit
962 2675 1077 2738 indico.
1123 2674 1251 2738 Volitot
1266 2675 1349 2738 enirn
1363 2682 1440 2738 ante
1455 2673 1564 2738 oculos

363 2765 496 2831 istorum
524 2770 547 2832 J
550 2772 611 2835 uba
635 2773 721 2857 regis
746 2773 839 2853 filius,
863 2773 1048 2837 adolescens
1069 2793 1133 2836 non
1155 2772 1259 2837 minus
1280 2773 1360 2837 bene
1380 2781 1564 2838 nummatus

364 2884 460 2947 quam
475 2866 555 2930 bene
571 2869 747 2952 capillatus.

408 2961 475 3026 Vix
493 2965 562 3048 jam
575 2966 702 3032 videtur
722 2968 811 3032 locus
832 2991 904 3032 esse
918 2968 972 3053 qui
993 2974 1104 3033 tantos
1125 2990 1255 3033 acervos
1276 2969 1427 3053 pecuniae
1447 2967 1562 3053 capiat.

398 3134 450 3182 Sed
470 3137 530 3197 quid
550 3139 610 3186 haec
631 3140 814 3202 impudentias]
840 3139 948 3202 Madvig,
981 3140 1316 3205 Itissoovertimpntstion.
1351 3141 1391 3189 He
1409 3156 1464 3203 says
1480 3145 1506 3188 st
1522 3142 1563 3190 the

363 3198 571 3248 whoissollowed
581 3201 614 3262 by
626 3202 716 3263 Baiter,
727 3205 949 3268 writss‘sedquae
980 3205 1113 3266 beginning
1136 3206 1163 3252 oi
1185 3207 1227 3254 the
1252 3211 1311 3254 next
1335 3206 1450 3268 chaptcr=
1468 3207 1562 3267 ‘Atque

364 3264 657 3326 esthsecimpudentisi'
981 3271 1053 3317 etiem
1065 3277 1101 3317 est
1115 3270 1178 3325 slia,'
1191 3275 1276 3318 &c.—‘
1285 3271 1383 3318 notione
1391 3271 1406 3317 ι’
1424 3285 1506 3318 mcsns
1522 3271 1562 3318 the

397 3341 484 3387 aprum
495 3329 692 3391 Recentoricum]
711 3330 771 3378 'lhis
780 3330 837 3378 land
848 3347 896 3380 was
907 3333 950 3380 the
982 3349 1047 3382 sume
1054 3349 1080 3382 ss
1087 3336 1250 3396 ‘cognitione'
1258 3336 1301 3383 the
1306 3335 1442 3396 judgment,
1450 3335 1561 3382 decisimu

364 3396 478 3452 property
497 3391 526 3438 ol
541 3391 584 3438 the
602 3392 696 3440 Romen
715 3394 789 3451 State,
803 3395 849 3441 but
864 3397 884 3443 it
900 3412 948 3444 was
1013 3401 1053 3446 22.
1066 3399 1252 3462 Hiempsalem]
1270 3400 1361 3460 Aking
1369 3399 1396 3446 os
1401 3399 1450 3446 this
1458 3401 1560 3446 namein

364 3454 479 3513 occupied
496 3454 528 3515 by
539 3455 582 3501 the
599 3456 744 3514 cultivetors,
756 3459 810 3505 who
829 3459 877 3507 had
892 3461 949 3522 long
980 3462 1097 3510 Numidis
1111 3464 1215 3510 received
1234 3465 1276 3511 th0
1293 3479 1336 3512 son
1348 3463 1376 3510 ol
1390 3463 1483 3510 Mar-ius
1494 3463 1560 3510 when

268 3546 274 3552 -
364 3515 426 3563 been
436 3517 462 3563 in
473 3519 615 3578 possession.
627 3521 686 3582 they
702 3521 750 3568 end
767 3523 831 3570 their
849 3525 947 3572 fathers.
980 3527 1011 3574 he
1019 3527 1067 3574 fied
1077 3527 1139 3574 from
1147 3527 1210 3590 ltely
1220 3543 1244 3575 s.
1257 3542 1278 3576 c.
1288 3530 1327 3576 88.
1346 3527 1494 3588 Somsyesrs
1502 3527 1561 3574 alter

363 3579 432 3641 They
443 3582 499 3642 psid
510 3583 553 3629 the
565 3583 675 3632 Statefor
685 3587 819 3634 theuseoi
826 3589 868 3636 the
876 3589 947 3636 land:
981 3591 1011 3638 he
1025 3591 1175 3652 wasejectcd
1195 3591 1255 3639 from
1275 3592 1313 3640 his
1332 3591 1455 3652 kingdom,
1470 3591 1513 3638 bnt
1531 3591 1561 3638 he

363 3645 422 3706 they
433 3645 502 3694 knew
513 3647 533 3694 it
544 3663 591 3695 was
608 3657 653 3698 not
668 3651 732 3698 their
750 3666 812 3708 own,
823 3653 869 3701 but
887 3654 949 3702 citer
980 3669 1029 3702 wss
1039 3655 1145 3702 restored
1156 3655 1188 3717 by
1199 3655 1244 3704 Cn.
1257 3656 1384 3718 Pompeius
1397 3669 1453 3702 ac.
1465 3657 1505 3703 ol.
1523 3655 1561 3703 Hs

363 3709 421 3771 long
431 3711 639 3777 enjoymcntth0y
656 3715 734 3763 would
745 3716 816 3764 think
826 3717 913 3766 ithsrd
923 3725 949 3767 to
981 3734 1036 3781 mey
1048 3720 1078 3767 be
1088 3719 1131 3766 the
1142 3735 1207 3767 same
1218 3721 1296 3768 whom
1308 3719 1393 3768 Cicero
1409 3719 1466 3766 here
1477 3721 1560 3780 speaks

363 3773 504 3835 bsejected.
982 3783 1010 3830 of
1028 3798 1054 3830 ss
1075 3784 1101 3830 in
1122 3785 1258 3845 possession
1280 3783 1308 3831 of
1326 3799 1393 3831 some
1410 3783 1466 3830 land
1485 3784 1561 3831 which

380 3840 546 3902 amicissimis]
567 3841 948 3905 ‘Antiquissimis,'1.nursdanus,
981 3847 1099 3908 belonged
1120 3853 1146 3895 to
1173 3849 1215 3895 the
1242 3849 1335 3896 Romen
1361 3853 1430 3895 state.
1464 3849 1500 3895 As
1521 3849 1561 3895 the

363 3904 417 3951 who
439 3905 460 3951 is
481 3905 590 3954 followed
618 3906 650 3970 by
672 3909 761 3956 Baiter.
795 3910 825 3958 Ε.
853 3912 897 3959 has
920 3917 949 3958 ‘s
981 3919 1081 3973 country
1092 3927 1140 3960 was
1151 3911 1266 3975 probably
1277 3913 1304 3959 ill
1314 3912 1424 3975 peopled,
1437 3911 1561 3974 Hiempsal

364 3969 492 4025 maximis,'
504 3971 550 4017 and
564 3971 590 4017 P.
604 3976 789 4021 ‘smucrssrmra
832 3975 948 4023 'l'hccor-
981 3976 1152 4023 wouldseeno
1162 3991 1247 4024 reason
1258 3977 1312 4038 why
1324 3978 1355 4024 he
1365 3976 1451 4024 should
1462 3983 1505 4023 not
1520 3991 1562 4024 nse

364 4033 659 4084 rectionoiLauredanus
670 4038 846 4100 msybetrne3
862 4040 948 4087 buthe
980 4040 1036 4087 land
1055 4040 1132 4088 which
1151 4041 1193 4088 tho
1219 4041 1326 4088 Romans
1348 4041 1394 4087 hsd
1416 4039 1461 4087 lest
1482 4045 1561 4088 veste.

363 4097 442 4144 would
461 4104 506 4144 not
515 4099 576 4146 bars
590 4100 647 4147 itin
664 4101 707 4148 the
722 4107 783 4158 text,
794 4102 896 4151 because
907 4104 948 4150 the
982 4104 1028 4152 His
1036 4103 1101 4152 son's
1112 4119 1183 4152 nume
1190 4121 1237 4152 was
1247 4105 1319 4159 Jubs,
1332 4105 1379 4151 sud
1390 4119 1426 4152 we
1436 4105 1562 4152 mustresd

363 4161 441 4208 oldest
452 4161 525 4210 MSS.
537 4163 597 4211 have
607 4165 709 4212 adotber
718 4166 824 4226 reading.
845 4168 949 4215 Modern
980 4169 1038 4216 with
1056 4168 1211 4216 Lsuredsnus
1224 4169 1302 4217 ‘Jubs
1318 4170 1381 4230 regis
1397 4167 1479 4215 onus!
1510 4169 1562 4218 Tho

363 4225 796 4292 cdiwnmndffloemmpmom
806 4232 950 4280 norsowise
981 4231 1248 4280 MSS.hsre‘anse.'
1280 4234 1360 4280 There
1376 4233 1396 4279 is
1412 4232 1513 4280 another
1525 4235 1560 4280 in·

363 4302 390 4335 ss
401 4289 443 4335 the
453 4289 494 4336 old
504 4290 601 4340 editors.
981 4297 1101 4344 sinuation
1120 4302 1145 4345 st
1161 4298 1204 4345 tha
1220 4297 1267 4344 end
1284 4297 1313 4345 oi
1324 4297 1372 4344 this
1388 4297 1562 4358 paragraph.-

397 4354 447 4398 alr’a
466 4355 573 4416 ratione]
593 4355 689 4418 ‘aliqua
709 4358 819 4413 rational
839 4359 947 4420 Madvig,
981 4361 1019 4408 ‘si
1030 4362 1128 4420 tsmenf
1147 4361 1287 4422 Lambinus,
1299 4361 1392 4410 Baitcrr
1414 4365 1452 4410 ‘et
1465 4359 1561 4418 umen:

364 4413 461 4473 Baiten
478 4416 603 4466 forwhich
622 4420 635 4467 1
654 4435 740 4469 sceno
757 4422 849 4471 ‘ratio’
866 4423 947 4472 stell.
980 4423 1010 4472 Ε.
1023 4425 1092 4474 F.A.
