3517 5325
740 485 843 550 one.
866 487 945 565 ιι.
1383 489 1445 551 aas

246 657 352 737 vestri,
363 656 471 722 'totius
486 655 641 720 Graeciae
655 655 770 730 lumen,
791 656 985 721 exstinctum
1007 677 1078 722 ease
1091 653 1277 721 voluerunt:
1302 679 1360 722 vos
1373 679 1447 724 eum

245 777 354 840 regem
363 755 497 820 inultum
507 775 577 818 esse
588 753 763 838 patiemini,
773 752 827 839 qui
836 753 978 840 legatum
988 753 1095 840 populi
1105 753 1240 817 Romani
1249 755 1447 819 consularem

245 853 377 918 vinculis
400 875 438 917 ac
460 851 642 915 verberibus
664 839 761 936 atque
782 849 868 914 omni
890 851 1046 936 supplicio
1069 851 1286 918 excruciatum
1300 854 1447 918 necavit?

247 951 298 1014 llli
323 951 504 1014 libertatem
520 949 720 1012 imminutam
743 947 858 1012 civium
882 949 1099 1013 Romanorum
1120 969 1185 1011 non
1207 949 1366 1014 tulerunt:
1389 972 1447 1016 vos

246 1049 344 1112 vitam
359 1056 501 1133 ereptam
516 1047 708 1132 negligetis!
752 1045 776 1109 J
778 1067 817 1110 us
831 1047 1002 1132 legationis
1020 1048 1118 1110 verbo
1140 1046 1290 1112 violatum
1310 1047 1354 1112 illi
1375 1071 1446 1134 per·

245 1147 348 1210 secuti
371 1154 464 1211 sunt:
489 1167 546 1210 vos
570 1146 712 1230 legatum
733 1143 819 1208 omni
840 1144 997 1230 supplicio
1014 1144 1217 1210 interiectum
1240 1144 1446 1229 relinquetis!

248 1244 367 1309 Videte
382 1267 431 1321 ne,
448 1251 485 1309 ut
500 1243 561 1308 illis
581 1243 827 1329 pulcherrimum
849 1241 911 1307 luit
930 1250 1055 1307 tanmm
1070 1242 1161 1306 vobis
1175 1241 1299 1328 imperii
1313 1242 1446 1327 gloriam

247 1343 385 1420 tradere,
410 1341 457 1406 sio
486 1341 575 1405 vobis
602 1339 823 1427 turpissimum
852 1339 906 1416 sit,
929 1339 962 1402 id
990 1339 1076 1424 quod
1104 1339 1276 1425 accepistis
1304 1339 1388 1404 tueri
1412 1347 1447 1404 et

247 1459 433 1504 conservare
461 1461 525 1504 non
554 1459 658 1526 posse.
704 1437 797 1517 Quid,
821 1437 908 1522 quod
932 1437 1019 1502 salus
1041 1437 1200 1502 sociorum
1225 1459 1384 1503 summum
1413 1437 1447 1502 in

246 1537 420 1623 perieulum
434 1559 472 1601 ac
495 1535 661 1601 discrimen
676 1542 818 1614 vocatur,
835 1557 901 1620 quo
919 1535 1050 1600 tandem
1072 1535 1179 1598 animo
1197 1534 1280 1598 ier-re
1302 1534 1447 1600 debetis!

248 1629 360 1720 Regno
375 1641 426 1699 est
440 1633 588 1720 expulsus
612 1633 843 1697 Ariobarzanes
858 1655 927 1708 rex,
943 1633 1051 1696 socius
1071 1631 1180 1717 populi
1198 1632 1335 1696 Romani
1348 1641 1447 1718 atque

247 1733 386 1796 amicus:
411 1731 576 1797 imminent
594 1732 658 1795 duo
676 1753 768 1816 reges
787 1731 849 1796 toti
866 1729 974 1805 Asiae,
990 1751 1054 1794 non
1073 1730 1175 1793 solnm
1190 1730 1281 1794 vobis
1298 1731 1447 1795 inimicis·

247 1829 330 1906 simi,
346 1830 402 1893 sed
424 1829 521 1893 etiam
538 1829 652 1893 vestris
669 1829 764 1894 sociis
785 1836 882 1914 atque
903 1828 1025 1900 amicis,
1041 1827 1189 1892 civitates
1203 1837 1311 1892 autem
1322 1836 1444 1908 'omnes

248 1933 367 1992 cuncta
394 1927 474 1990 Asis
498 1935 593 2012 atque
617 1927 754 1991 Graecia
771 1937 913 1992 restmm
935 1926 1089 1990 auxilinm
1111 1932 1298 2010 exspectare
1315 1935 1449 2012 propter

248 2024 380 2110 periculi
416 2023 665 2111 magnitudinem
695 2031 870 2110 coghntur:
904 2025 1127 2108 imperatorem
1155 2045 1177 2086 a
1204 2023 1296 2088 robis
1323 2034 1447 2089 certum

249 2124 427 2208 deposcere,
444 2145 539 2209 quum
554 2124 739 2210 praesertim
753 2123 914 2188 resalium
929 2124 1088 2200 miseritis,
1099 2145 1200 2208 neque
1213 2125 1334 2190 audent
1344 2148 1448 2211 neque

248 2241 283 2284 se
307 2221 338 2284 id
361 2222 464 2286 facere
487 2243 608 2286 summo
632 2223 700 2286 sine
725 2221 866 2308 periculo
895 2243 990 2307 posse
1013 2222 1219 2287 arbitrantur.
1264 2221 1388 2288 Vident
1412 2233 1448 2288 et

248 2319 389 2385 sentiunt
411 2321 471 2385 hoc
491 2321 575 2384 idem
595 2321 680 2406 quod
697 2341 763 2396 vos,
779 2341 877 2383 unum
892 2320 994 2383 airum
1013 2341 1083 2383 esse
1101 2319 1134 2382 in
1153 2341 1215 2403 quo
1238 2341 1362 2384 summa
1381 2321 1448 2386 sint

249 2417 362 2492 omnia,
375 2425 409 2482 et
423 2441 494 2482 eum
509 2425 729 2504 propteresse,
742 2418 912 2502 quostiam
923 2424 1035 2480 carent
1048 2415 1196 2502 aegrius:
1227 2418 1319 2500 cnjus
1333 2418 1447 2482 adven-

247 2523 283 2578 tu
309 2513 377 2599 ipso
400 2523 496 2599 atque
520 2515 655 2588 nomine,
676 2515 806 2579 tametsi
824 2515 874 2578 ille
897 2514 939 2577 ad
961 2513 1154 2589 maritimum
1177 2513 1294 2577 bellum
1315 2516 1446 2593 venerit,

247 2621 355 2677 tamen
380 2613 518 2700 impetus
536 2612 677 2677 hostium
700 2634 862 2698 repressos
892 2635 962 2677 esse
988 2611 1171 2696 intelligunt
1193 2633 1232 2675 ac
1254 2614 1446 2679 retardatos.

250 2710 296 2774 Hi
312 2732 378 2789 vos,
395 2710 543 2803 quoniam
562 2708 660 2793 libere
683 2710 769 2794 loqui
789 2710 953 2786 nonlicet,
969 2710 1067 2776 tacite
1084 2718 1203 2793 rogant
1221 2715 1259 2772 nt
1273 2732 1308 2773 se
1321 2733 1448 2797 quoquo

247 2807 332 2871 sicut
361 2816 537 2872 ceterarum
565 2806 797 2893 provinciarum
826 2807 932 2872 socios
960 2807 1074 2891 dignos
1102 2806 1291 2889 existimetis
1314 2831 1447 2894 quorum

248 2906 384 2970 salutem
406 2904 463 2970 tali
477 2898 479 2903 ’
492 2904 559 2969 viro
587 2902 839 2980 commendetis;
878 2913 976 2991 atque
1004 2905 1066 2967 hoc
1093 2903 1191 2969 etlam
1219 2906 1331 2993 magis,
1361 2910 1447 2995 quod

247 3104 344 3163 hosted,
356 3104 403 3154 and
414 3104 522 3167 expelled
537 3104 599 3153 from
614 3103 657 3153 the
669 3104 782 3166 mecting,
793 3103 831 3152 lor
894 3102 1088 3165 Ariobarzanes]
1118 3103 1164 3151 See
1183 3103 1227 3151 the
1251 3103 1345 3153 lntrod.
1387 3104 1448 3154 This

246 3171 315 3219 there
330 3186 392 3219 were
408 3174 512 3233 present,
530 3185 556 3218 aa
573 3170 615 3217 the
633 3170 749 3217 historiari
763 3168 830 3227 adda,
862 3184 911 3217 ms
933 3168 975 3216 the
996 3168 1055 3228 king
1076 3168 1156 3216 ιιΙιοιιι
1181 3168 1311 3231 Pompeius
1331 3170 1446 3219 restored

247 3250 263 3283 a
272 3234 375 3283 number
384 3236 413 3282 ol
421 3235 577 3297 thevorlsing
588 3234 650 3282 sollte
661 3234 708 3282 end
719 3234 830 3281 mtizans.
862 3234 942 3281 There
957 3233 1005 3280 isa
1014 3234 1085 3280 ailaer
1101 3233 1155 3281 coin
1170 3234 1198 3280 ol
1210 3234 1259 3281 this
1274 3234 1448 3283 Ariohwaanea

247 3298 326 3347 There
336 3316 376 3347 ara
387 3300 455 3347 other
466 3301 570 3348 terdona
585 3298 613 3347 of
624 3300 666 3347 the
680 3304 754 3361 story,
766 3313 832 3346 some
863 3298 921 3345 with
932 3298 975 3361 the
985 3298 1085 3359 legend:
1104 3300 1272 3346 ΒΑΣΙΛΕΩΣ
1289 3304 1446 3347 ΑΡΙΟΒΑΡ-

247 3364 276 3411 ol
283 3364 360 3413 which
372 3366 441 3413 make
451 3365 493 3419 the
503 3370 634 3413 treatment
644 3364 672 3411 of
679 3362 829 3425 the‘leguti'
863 3366 994 3421 ΖΑΝΟΥΣ
1017 3366 1251 3411 ΦΙΔΟΡΩΜΗΟΥ
1277 3366 1447 3413 ΕΥΣΕΒΟΥΣ

248 3429 320 3475 much
331 3444 406 3477 worse
417 3428 522 3541 {Straba
534 3444 558 3491 p.
569 3430 629 3487 ³813
648 3428 773 3491 Liallpit.
785 3430 829 3485 513
863 3426 978 3489 (Ursini).
1021 3426 1100 3475 Tbeee
1125 3426 1192 3474 titles
1221 3428 1250 3475 of
1273 3428 1447 3478 Adobumnea

247 3493 296 3540 and
307 3494 347 3540 the
359 3494 437 3541 Scho.
456 3494 545 3557 quoted
562 3494 594 3556 by
613 3494 706 3555 Halm).
741 3493 772 3540 ln
788 3492 830 3540 the
862 3506 934 3539 occur
947 3493 973 3539 in
985 3506 1032 3539 one
1048 3492 1076 3538 ol
1089 3490 1194 3539 OEeoeo's
1211 3492 1295 3540 letters
1312 3493 1363 3555 (Ad
1379 3494 1445 3542 Fam.

248 3572 297 3604 rrar
307 3558 383 3605 which
394 3558 502 3607 followed
521 3558 622 3607 Corinth
633 3573 681 3606 aas
694 3557 767 3605 talen
782 3556 830 3604 und
862 3572 902 3604 xv.
925 3560 962 3616 ἢ).
1012 3556 1066 3604 The
1093 3556 1200 3603 Romans
1227 3558 1351 3606 confused
1378 3559 1447 3606 these

248 3622 373 3685 destroyed
389 3621 420 3684 by
431 3624 473 3670 the
483 3623 566 3671 consul
577 3623 606 3671 L.
619 3622 761 3680 Mummius,
779 3634 830 3669 nc.
863 3619 1011 3668 hononrable
1024 3621 1090 3668 titlee
1105 3636 1138 3668 on
1152 3636 1200 3683 any
1212 3622 1279 3683 king,
1292 3624 1372 3670 whom
1388 3624 1447 3685 they

250 3685 511 3750 leo(1.iv.Epit.oa).
862 3686 952 3733 wished
970 3692 996 3732 to
1012 3686 1143 3743 conciliate,
1160 3701 1220 3733 eren
1236 3702 1252 3733 s
1270 3686 1375 3735 (immun
1391 3687 1447 3735 her-

281 3750 598 3812 tequam-comam]
629 3750 689 3798 This
712 3764 760 3797 nas
782 3743 829 3797 Μ’.
862 3748 954 3797 buriam
987 3749 1093 3810 (Caesar,
1105 3750 1135 3796 B.
1148 3749 1178 3797 G·
1189 3750 1206 3796 i.
1218 3748 1269 3813 43.)

248 3814 359 3877 Aquilius
377 3812 490 3877 (Applan,
511 3814 620 3863 Mithrid.
643 3830 664 3862 c.
687 3814 735 3871 al;
761 3813 829 3875 Livy,
895 3817 984 3861 wacta
994 3813 1069 3875 Atta]
1088 3813 1148 3861 This
1162 3814 1183 3859 is
1197 3814 1317 3876 supposed
1327 3814 1361 3881 by
1372 3814 1446 3862 Halm

248 3878 313 3941 Eplt.
326 3881 372 3937 733
391 3880 438 3926 and
449 3881 491 3927 tha
502 3878 688 3941 Introduction).
712 3878 772 3925 This
783 3876 829 3924 Μ’.
862 3878 910 3924 end
925 3877 1007 3924 others
1017 3882 1044 3923 to
1054 3877 1086 3924 he
1095 3878 1138 3924 the
1147 3877 1251 3925 ablativo
1261 3892 1330 3935 αισι
1349 3878 1397 3925 und
1407 3894 1446 3927 ec·

248 3944 417 4006 Aquiliuawas
427 3946 511 3991 eonsrrl
523 3958 572 3991 nc.
588 3946 641 3998 tol.
652 3942 763 3989 inwhlch
773 3956 831 4003 year
863 3941 986 4003 cordlngly
1005 3941 1062 4002 they
1078 3942 1136 3988 take
1153 3955 1219 4003 easy
1235 3941 1279 3989 the
1298 3942 1369 4003 point
1386 3942 1448 3991 aster

247 4006 280 4055 ho
290 4014 335 4071 put
345 4008 415 4057 down
426 4008 468 4056 the
480 4008 638 4056 insurrection
655 4006 683 4054 ol
696 4006 738 4053 the
753 4006 830 4053 devea
863 4004 977 4052 ‘omnes'

247 4072 273 4119 ln
285 4074 364 4135 Sicily.
895 4073 919 4116 et
936 4082 990 4115 eata
1005 4071 1110 4129 propter
1127 4068 1197 4129 caea]
1217 4068 1349 4130 ‘Propter'
1367 4070 1388 4119 ia
1404 4070 1447 4119 the

280 4137 327 4184 Jar
344 4135 484 4197 leyattcnte]
504 4134 549 4183 see
563 4132 618 4181 Vol.
636 4133 659 4181 1.
675 4133 744 4180 Verr.
760 4132 786 4180 ii.
805 4134 828 4181 l.
860 4132 959 4193 reading
968 4131 997 4179 oi
1012 4132 1055 4179 the
1069 4130 1128 4189 lert..
1141 4131 1170 4178 of
1184 4132 1262 4179 which
1277 4134 1320 4179 the
1336 4148 1448 4183 common

248 4214 269 4247 a
281 4202 327 4258 333
344 4200 392 4249 and
404 4198 538 4255 Ceeeur,B.
551 4197 581 4245 G.
593 4198 626 4244 iii.
640 4198 684 4245 ld:
702 4196 757 4243 “In
769 4211 829 4259 quoe
861 4195 1077 4257 reading‘prope'
1093 4194 1447 4259 iaprobehlytheinterprata·

248 4278 277 4311 eo
292 4265 386 4325 gravius
401 4263 488 4311 cmm
502 4261 669 4309 vindicandum
684 4260 768 4307 statuit
783 4274 830 4322 qno
862 4261 914 4307 tion
931 4258 1072 4322 (Wunder).
1106 4258 1233 4320 Pompeiae
1247 4275 1295 4309 was
1309 4262 1405 4325 ure-ey
1420 4264 1447 4311 in

248 4328 384 4389 diligentius
402 4326 428 4373 ln
449 4326 567 4389 reliquum
583 4330 678 4385 tempus
695 4338 710 4370 a
725 4322 831 4371 barbula
864 4321 1146 4385 tho-epurts(lntrod.).

246 4392 287 4452 jue
305 4392 438 4453 legatorum
461 4386 830 4449 comment-‘relinque-
895 4389 971 4434 lr'tere
987 4387 1066 4448 loqui]
1085 4386 1201 4449 Throngh
1218 4387 1270 4436 faur
1287 4389 1315 4437 os
1327 4390 1371 4438 the
1387 4390 1446 4440 Pso-

248 4456 297 4511 tia’
315 4456 413 4512 thetis,
432 4454 509 4501 ‘leuve
526 4451 702 4513 nnreaengsdr'
725 4466 765 4499 see
785 4452 831 4499 Pro
863 4452 947 4499 eonaal
960 4450 1059 4507 Acilius,
1077 4452 1202 4501 Mmutim
1216 4468 1287 4517 seyne
1304 4454 1353 4502 and
1364 4454 1377 4503 1
1388 4470 1446 4519 sup-
1465 4448 1471 4459 ¹

249 4518 358 4577 Caecina,
370 4534 391 4567 a.
403 4521 427 4577 ³,
439 4519 556 4580 'relinqui
568 4522 636 4580 putet
647 4514 772 4578 oportere!
863 4530 922 4577 pose
932 4515 986 4563 thet
996 4516 1028 4563 he
1038 4516 1059 4563 ia
1068 4516 1141 4578 right.
