<?xml version="1.0" encoding="UTF-8"?>
<!DOCTYPE html PUBLIC "-//W3C//DTD XHTML 1.0 Transitional//EN"
    "http://www.w3.org/TR/xhtml1/DTD/xhtml1-transitional.dtd">
<html xmlns="http://www.w3.org/1999/xhtml" xml:lang="en" lang="en">
 <head>
  <title>
</title>
<meta http-equiv="Content-Type" content="text/html;charset=utf-8" />
  <meta name='ocr-system' content='tesseract 3.04.00' />
  <meta name='ocr-capabilities' content='ocr_page ocr_carea ocr_par ocr_line ocrx_word'/>
</head>
<body>
  <div class='ocr_page' id='page_1' title='image "./mtulliiciceroni02longgoog/mtulliiciceroni02longgoog_0107.png"; bbox 0 0 3517 5325; ppageno 0'>
   <div class='ocr_carea' id='block_1_1' title="bbox 318 481 1192 567">
    <p class='ocr_par' dir='ltr' id='par_1_1' title="bbox 318 481 1192 567">
     <span class='ocr_line' id='line_1_1' title="bbox 318 481 1192 567; baseline -0.01 -12"><span class='ocrx_word' id='word_1_1' title='bbox 318 491 361 556; x_wconf 87' lang='grc'><strong>96</strong></span> <span class='ocrx_word' id='word_1_2' title='bbox 649 484 784 550; x_wconf 83' lang='lat' dir='ltr'><strong>ORAT.</strong></span> <span class='ocrx_word' id='word_1_3' title='bbox 807 481 899 549; x_wconf 88' lang='lat' dir='ltr'><strong>PRO</strong></span> <span class='ocrx_word' id='word_1_4' title='bbox 915 482 970 550; x_wconf 90' lang='grc' dir='ltr'><strong>Ῥ.</strong></span> <span class='ocrx_word' id='word_1_5' title='bbox 995 481 1192 567; x_wconf 82' lang='lat' dir='ltr'>QUINTIO</span> 
     </span>
    </p>
   </div>
   <div class='ocr_carea' id='block_1_2' title="bbox 320 649 1531 1036">
    <p class='ocr_par' dir='ltr' id='par_1_2' title="bbox 320 649 1531 1036">
     <span class='ocr_line' id='line_1_2' title="bbox 320 649 1530 739; baseline -0.006 -16"><span class='ocrx_word' id='word_1_6' title='bbox 320 663 433 723; x_wconf 88' lang='lat' dir='ltr'><strong>tantus</strong></span> <span class='ocrx_word' id='word_1_7' title='bbox 446 657 543 722; x_wconf 93' lang='lat' dir='ltr'><strong>homo</strong></span> <span class='ocrx_word' id='word_1_8' title='bbox 558 657 633 722; x_wconf 85' lang='lat' dir='ltr'><strong>Sex.</strong></span> <span class='ocrx_word' id='word_1_9' title='bbox 652 656 788 721; x_wconf 86' lang='lat' dir='ltr'><strong>Roscius</strong></span> <span class='ocrx_word' id='word_1_10' title='bbox 803 655 836 718; x_wconf 93' lang='lat' dir='ltr'><strong>in</strong></span> <span class='ocrx_word' id='word_1_11' title='bbox 854 655 985 720; x_wconf 88' lang='lat' dir='ltr'><strong>civitate</strong></span> <span class='ocrx_word' id='word_1_12' title='bbox 1000 661 1037 720; x_wconf 92' lang='lat' dir='ltr'><strong>ut</strong></span> <span class='ocrx_word' id='word_1_13' title='bbox 1056 655 1095 720; x_wconf 88' lang='lat' dir='ltr'><strong>de</strong></span> <span class='ocrx_word' id='word_1_14' title='bbox 1110 675 1148 718; x_wconf 90' lang='lat' dir='ltr'><strong>eo</strong></span> <span class='ocrx_word' id='word_1_15' title='bbox 1169 649 1373 739; x_wconf 89' lang='lat' dir='ltr'><strong>potissimum</strong></span> <span class='ocrx_word' id='word_1_16' title='bbox 1392 672 1530 737; x_wconf 89' lang='lat' dir='ltr'><strong>conque-</strong></span> 
     </span>
     <span class='ocr_line' id='line_1_3' title="bbox 321 748 1529 840; baseline -0.005 -20"><span class='ocrx_word' id='word_1_17' title='bbox 321 779 440 820; x_wconf 89' lang='lat' dir='ltr'><strong>ramur.</strong></span> <span class='ocrx_word' id='word_1_18' title='bbox 485 754 609 819; x_wconf 90' lang='lat' dir='ltr'><strong>Verum</strong></span> <span class='ocrx_word' id='word_1_19' title='bbox 624 755 684 818; x_wconf 90' lang='lat' dir='ltr'><strong>hoc</strong></span> <span class='ocrx_word' id='word_1_20' title='bbox 698 776 759 840; x_wconf 87' lang='lat' dir='ltr'><strong>ego</strong></span> <span class='ocrx_word' id='word_1_21' title='bbox 775 775 910 839; x_wconf 78' lang='lat' dir='ltr'><strong>quaero:</strong></span> <span class='ocrx_word' id='word_1_22' title='bbox 936 755 988 839; x_wconf 91' lang='lat' dir='ltr'><strong>qui</strong></span> <span class='ocrx_word' id='word_1_23' title='bbox 1006 761 1181 838; x_wconf 86' lang='lat' dir='ltr'><strong>potuerunt</strong></span> <span class='ocrx_word' id='word_1_24' title='bbox 1199 751 1263 816; x_wconf 85' lang='lat' dir='ltr'><strong>ista</strong></span> <span class='ocrx_word' id='word_1_25' title='bbox 1277 749 1347 835; x_wconf 88' lang='lat' dir='ltr'><strong>ipsa</strong></span> <span class='ocrx_word' id='word_1_26' title='bbox 1361 748 1432 834; x_wconf 91' lang='lat' dir='ltr'><strong>lege</strong></span> <span class='ocrx_word' id='word_1_27' title='bbox 1447 771 1529 835; x_wconf 89' lang='lat' dir='ltr'><strong>quae</strong></span> 
     </span>
     <span class='ocr_line' id='line_1_4' title="bbox 321 846 1529 938; baseline -0.006 -21"><span class='ocrx_word' id='word_1_28' title='bbox 321 855 361 917; x_wconf 88' lang='lat' dir='ltr'><strong>de</strong></span> <span class='ocrx_word' id='word_1_29' title='bbox 375 852 607 938; x_wconf 86' lang='lat' dir='ltr'><strong>proscriptione</strong></span> <span class='ocrx_word' id='word_1_30' title='bbox 622 861 673 916; x_wconf 88' lang='lat' dir='ltr'><strong>est</strong></span> <span class='ocrx_word' id='word_1_31' title='bbox 691 853 758 916; x_wconf 88' lang='lat' dir='ltr'><strong>sive</strong></span> <span class='ocrx_word' id='word_1_32' title='bbox 775 851 907 915; x_wconf 86' lang='lat' dir='ltr'><strong>Valeria</strong></span> <span class='ocrx_word' id='word_1_33' title='bbox 927 858 978 915; x_wconf 89' lang='lat' dir='ltr'><strong>est</strong></span> <span class='ocrx_word' id='word_1_34' title='bbox 997 850 1063 914; x_wconf 91' lang='lat' dir='ltr'><strong>sive</strong></span> <span class='ocrx_word' id='word_1_35' title='bbox 1085 849 1239 928; x_wconf 75' lang='lat' dir='ltr'><strong>Cornelia,</strong></span> <span class='ocrx_word' id='word_1_36' title='bbox 1268 869 1331 912; x_wconf 93' lang='lat' dir='ltr'><strong>non</strong></span> <span class='ocrx_word' id='word_1_37' title='bbox 1353 847 1438 910; x_wconf 88' lang='lat' dir='ltr'><strong>enim</strong></span> <span class='ocrx_word' id='word_1_38' title='bbox 1455 846 1529 911; x_wconf 85' lang='lat' dir='ltr'><strong>novi</strong></span> 
     </span>
     <span class='ocr_line' id='line_1_5' title="bbox 322 945 1531 1036; baseline -0.006 -21"><span class='ocrx_word' id='word_1_39' title='bbox 322 973 382 1015; x_wconf 91' lang='lat' dir='ltr'><strong>nec</strong></span> <span class='ocrx_word' id='word_1_40' title='bbox 396 950 473 1026; x_wconf 88' lang='lat' dir='ltr'><strong>scio,</strong></span> <span class='ocrx_word' id='word_1_41' title='bbox 485 973 595 1014; x_wconf 90' lang='lat' dir='ltr'><strong>verum</strong></span> <span class='ocrx_word' id='word_1_42' title='bbox 609 950 674 1014; x_wconf 89' lang='lat' dir='ltr'><strong>ista</strong></span> <span class='ocrx_word' id='word_1_43' title='bbox 684 950 755 1035; x_wconf 90' lang='lat' dir='ltr'><strong>ipsa</strong></span> <span class='ocrx_word' id='word_1_44' title='bbox 765 949 835 1036; x_wconf 87' lang='lat' dir='ltr'><strong>lege</strong></span> <span class='ocrx_word' id='word_1_45' title='bbox 846 950 931 1012; x_wconf 91' lang='lat' dir='ltr'><strong>bona</strong></span> <span class='ocrx_word' id='word_1_46' title='bbox 943 949 1017 1012; x_wconf 87' lang='lat' dir='ltr'><strong>Sex.</strong></span> <span class='ocrx_word' id='word_1_47' title='bbox 1029 947 1138 1012; x_wconf 83' lang='lat' dir='ltr'><strong>Roscii</strong></span> <span class='ocrx_word' id='word_1_48' title='bbox 1149 947 1254 1011; x_wconf 90' lang='lat' dir='ltr'><strong>venire</strong></span> <span class='ocrx_word' id='word_1_49' title='bbox 1266 945 1319 1032; x_wconf 93' lang='lat' dir='ltr'><strong>qui</strong></span> <span class='ocrx_word' id='word_1_50' title='bbox 1331 953 1505 1032; x_wconf 90' lang='lat' dir='ltr'><strong>potuerunt</strong></span> <span class='ocrx_word' id='word_1_51' title='bbox 1519 945 1531 1008; x_wconf 73' lang='lat'>3</span> 
     </span>
    </p>
   </div>
   <div class='ocr_carea' id='block_1_3' title="bbox 322 1049 1559 3680">
    <p class='ocr_par' dir='ltr' id='par_1_3' title="bbox 322 1049 1559 3680">
     <span class='ocr_line' id='line_1_6' title="bbox 325 1049 1528 1135; baseline -0.007 -21"><span class='ocrx_word' id='word_1_52' title='bbox 325 1049 486 1135; x_wconf 80' lang='lat' dir='ltr'><strong>Scriptum</strong></span> <span class='ocrx_word' id='word_1_53' title='bbox 509 1050 593 1113; x_wconf 91' lang='lat' dir='ltr'><strong>enim</strong></span> <span class='ocrx_word' id='word_1_54' title='bbox 615 1049 663 1113; x_wconf 93' lang='lat' dir='ltr'><strong>ita</strong></span> <span class='ocrx_word' id='word_1_55' title='bbox 684 1050 797 1114; x_wconf 90' lang='lat' dir='ltr'><strong>dicunt</strong></span> <span class='ocrx_word' id='word_1_56' title='bbox 820 1070 908 1112; x_wconf 88' lang='lat' dir='ltr'><strong>esse:</strong></span> <span class='ocrx_word' id='word_1_57' title='bbox 943 1069 986 1110; x_wconf 78' lang='lat' dir='ltr'><strong>cr</strong></span> <span class='ocrx_word' id='word_1_58' title='bbox 1014 1068 1131 1110; x_wconf 83' lang='lat' dir='ltr'><strong>noauu</strong></span> <span class='ocrx_word' id='word_1_59' title='bbox 1160 1067 1251 1109; x_wconf 77' lang='lat' dir='ltr'><strong>noua</strong></span> <span class='ocrx_word' id='word_1_60' title='bbox 1273 1066 1440 1110; x_wconf 80' lang='lat' dir='ltr'><strong>vuuaaun</strong></span> <span class='ocrx_word' id='word_1_61' title='bbox 1469 1065 1528 1112; x_wconf 78' lang='lat' dir='ltr'><strong>sur</strong></span> 
     </span>
     <span class='ocr_line' id='line_1_7' title="bbox 324 1144 1559 1232; baseline -0.004 -22"><span class='ocrx_word' id='word_1_62' title='bbox 324 1169 522 1212; x_wconf 76' lang='lat' dir='ltr'><strong>raoscnrrrr</strong></span> <span class='ocrx_word' id='word_1_63' title='bbox 555 1168 664 1210; x_wconf 80' lang='lat' dir='ltr'><strong>seur:</strong></span> <span class='ocrx_word' id='word_1_64' title='bbox 699 1169 762 1232; x_wconf 89' lang='lat' dir='ltr'><strong>quo</strong></span> <span class='ocrx_word' id='word_1_65' title='bbox 786 1147 819 1210; x_wconf 92' lang='lat' dir='ltr'><strong>in</strong></span> <span class='ocrx_word' id='word_1_66' title='bbox 842 1167 974 1210; x_wconf 89' lang='lat' dir='ltr'><strong>numero</strong></span> <span class='ocrx_word' id='word_1_67' title='bbox 1002 1145 1076 1209; x_wconf 79' lang='lat' dir='ltr'><strong>Sex.</strong></span> <span class='ocrx_word' id='word_1_68' title='bbox 1105 1144 1241 1208; x_wconf 81' lang='lat' dir='ltr'><strong>Roscius</strong></span> <span class='ocrx_word' id='word_1_69' title='bbox 1263 1165 1327 1208; x_wconf 92' lang='lat' dir='ltr'><strong>non</strong></span> <span class='ocrx_word' id='word_1_70' title='bbox 1353 1150 1422 1207; x_wconf 85' lang='lat' dir='ltr'><strong>cst:</strong></span> <span class='ocrx_word' id='word_1_71' title='bbox 1459 1163 1527 1206; x_wconf 79' lang='lat' dir='ltr'><strong>aur</strong></span> <span class='ocrx_word' id='word_1_72' title='bbox 1555 1179 1559 1184; x_wconf 96' lang='lat'>-</span> 
     </span>
     <span class='ocr_line' id='line_1_8' title="bbox 324 1239 1529 1311; baseline -0.002 -4"><span class='ocrx_word' id='word_1_73' title='bbox 324 1266 442 1308; x_wconf 81' lang='lat' dir='ltr'><strong>soauu</strong></span> <span class='ocrx_word' id='word_1_74' title='bbox 467 1265 587 1311; x_wconf 78' lang='lat' dir='ltr'><strong>au11u</strong></span> <span class='ocrx_word' id='word_1_75' title='bbox 609 1265 906 1308; x_wconf 76' lang='lat' dir='ltr'><strong>anvnasaaroanar</strong></span> <span class='ocrx_word' id='word_1_76' title='bbox 933 1264 1128 1306; x_wconf 73' lang='lat' dir='ltr'><strong>runasmus</strong></span> <span class='ocrx_word' id='word_1_77' title='bbox 1152 1263 1261 1306; x_wconf 85' lang='lat' dir='ltr'><strong>occrsr</strong></span> <span class='ocrx_word' id='word_1_78' title='bbox 1286 1261 1384 1306; x_wconf 71' lang='lat' dir='ltr'><strong>snus.</strong></span> <span class='ocrx_word' id='word_1_79' title='bbox 1441 1239 1529 1304; x_wconf 93' lang='lat' dir='ltr'><strong>Dum</strong></span> 
     </span>
     <span class='ocr_line' id='line_1_9' title="bbox 322 1341 1528 1429; baseline -0.003 -22"><span class='ocrx_word' id='word_1_80' title='bbox 322 1344 482 1429; x_wconf 86' lang='lat' dir='ltr'><strong>praesidia</strong></span> <span class='ocrx_word' id='word_1_81' title='bbox 504 1343 568 1407; x_wconf 85' lang='lat' dir='ltr'><strong>ulla</strong></span> <span class='ocrx_word' id='word_1_82' title='bbox 590 1345 727 1419; x_wconf 88' lang='lat' dir='ltr'><strong>fuerunt,</strong></span> <span class='ocrx_word' id='word_1_83' title='bbox 752 1344 784 1406; x_wconf 91' lang='lat' dir='ltr'><strong>in</strong></span> <span class='ocrx_word' id='word_1_84' title='bbox 810 1343 917 1406; x_wconf 84' lang='lat' dir='ltr'>Sullae</span> <span class='ocrx_word' id='word_1_85' title='bbox 940 1341 1107 1428; x_wconf 80' lang='lat' dir='ltr'><strong>praesidiis</strong></span> <span class='ocrx_word' id='word_1_86' title='bbox 1129 1342 1199 1406; x_wconf 80' lang='lat' dir='ltr'><strong>fuit.</strong></span> <span class='ocrx_word' id='word_1_87' title='bbox 1247 1341 1462 1425; x_wconf 74' lang='lat' dir='ltr'><strong>Posteaquam</strong></span> <span class='ocrx_word' id='word_1_88' title='bbox 1486 1341 1528 1404; x_wconf 90' lang='lat' dir='ltr'><strong>ab</strong></span> 
     </span>
     <span class='ocr_line' id='line_1_10' title="bbox 322 1438 1529 1520; baseline -0.003 -15"><span class='ocrx_word' id='word_1_89' title='bbox 322 1441 418 1505; x_wconf 89' lang='lat' dir='ltr'><strong>armis</strong></span> <span class='ocrx_word' id='word_1_90' title='bbox 438 1450 647 1520; x_wconf 89' lang='lat' dir='ltr'><strong>recesserunt,</strong></span> <span class='ocrx_word' id='word_1_91' title='bbox 669 1441 703 1504; x_wconf 93' lang='lat' dir='ltr'><strong>in</strong></span> <span class='ocrx_word' id='word_1_92' title='bbox 722 1463 846 1506; x_wconf 89' lang='lat' dir='ltr'><strong>summo</strong></span> <span class='ocrx_word' id='word_1_93' title='bbox 868 1440 935 1504; x_wconf 89' lang='lat' dir='ltr'><strong>otio</strong></span> <span class='ocrx_word' id='word_1_94' title='bbox 957 1439 1083 1504; x_wconf 90' lang='lat' dir='ltr'><strong>rediens</strong></span> <span class='ocrx_word' id='word_1_95' title='bbox 1102 1463 1122 1502; x_wconf 92' lang='lat' dir='ltr'><strong>a</strong></span> <span class='ocrx_word' id='word_1_96' title='bbox 1144 1461 1242 1504; x_wconf 88' lang='lat' dir='ltr'><strong>caena</strong></span> <span class='ocrx_word' id='word_1_97' title='bbox 1263 1439 1384 1502; x_wconf 86' lang='lat' dir='ltr'><strong>Romae</strong></span> <span class='ocrx_word' id='word_1_98' title='bbox 1405 1438 1529 1502; x_wconf 89' lang='lat' dir='ltr'><strong>occisus</strong></span> 
     </span>
     <span class='ocr_line' id='line_1_11' title="bbox 322 1537 1529 1624; baseline -0.002 -21"><span class='ocrx_word' id='word_1_99' title='bbox 322 1546 382 1603; x_wconf 90' lang='lat' dir='ltr'><strong>est.</strong></span> <span class='ocrx_word' id='word_1_100' title='bbox 428 1538 463 1602; x_wconf 92' lang='lat' dir='ltr'><strong>Si</strong></span> <span class='ocrx_word' id='word_1_101' title='bbox 478 1539 557 1622; x_wconf 87' lang='lat' dir='ltr'><strong>lege,</strong></span> <span class='ocrx_word' id='word_1_102' title='bbox 573 1540 658 1602; x_wconf 89' lang='lat' dir='ltr'><strong>bona</strong></span> <span class='ocrx_word' id='word_1_103' title='bbox 672 1560 797 1624; x_wconf 90' lang='lat' dir='ltr'><strong>quoque</strong></span> <span class='ocrx_word' id='word_1_104' title='bbox 819 1539 891 1623; x_wconf 84' lang='lat' dir='ltr'><strong>lege</strong></span> <span class='ocrx_word' id='word_1_105' title='bbox 906 1537 1030 1602; x_wconf 90' lang='lat' dir='ltr'><strong>venisse</strong></span> <span class='ocrx_word' id='word_1_106' title='bbox 1053 1538 1175 1612; x_wconf 67' lang='lat' dir='ltr'><strong>fateor,</strong></span> <span class='ocrx_word' id='word_1_107' title='bbox 1201 1537 1378 1602; x_wconf 86' lang='lat' dir='ltr'><strong>sinautem</strong></span> <span class='ocrx_word' id='word_1_108' title='bbox 1401 1543 1529 1601; x_wconf 86' lang='lat' dir='ltr'><strong>constat</strong></span> 
     </span>
     <span class='ocr_line' id='line_1_12' title="bbox 323 1634 1529 1721; baseline -0.002 -21"><span class='ocrx_word' id='word_1_109' title='bbox 323 1643 437 1700; x_wconf 90' lang='lat' dir='ltr'><strong>contra</strong></span> <span class='ocrx_word' id='word_1_110' title='bbox 451 1657 561 1700; x_wconf 86' lang='lat' dir='ltr'><strong>omnes</strong></span> <span class='ocrx_word' id='word_1_111' title='bbox 578 1659 643 1700; x_wconf 95' lang='lat' dir='ltr'><strong>non</strong></span> <span class='ocrx_word' id='word_1_112' title='bbox 661 1637 755 1700; x_wconf 90' lang='lat' dir='ltr'><strong>modo</strong></span> <span class='ocrx_word' id='word_1_113' title='bbox 771 1643 897 1700; x_wconf 88' lang='lat' dir='ltr'><strong>veteres</strong></span> <span class='ocrx_word' id='word_1_114' title='bbox 913 1634 1008 1721; x_wconf 88' lang='lat' dir='ltr'><strong>leges,</strong></span> <span class='ocrx_word' id='word_1_115' title='bbox 1026 1657 1134 1698; x_wconf 88' lang='lat' dir='ltr'><strong>verum</strong></span> <span class='ocrx_word' id='word_1_116' title='bbox 1152 1635 1249 1700; x_wconf 90' lang='lat' dir='ltr'><strong>etiam</strong></span> <span class='ocrx_word' id='word_1_117' title='bbox 1272 1657 1371 1698; x_wconf 85' lang='lat' dir='ltr'><strong>novas</strong></span> <span class='ocrx_word' id='word_1_118' title='bbox 1389 1635 1529 1699; x_wconf 91' lang='lat' dir='ltr'><strong>occisum</strong></span> 
     </span>
     <span class='ocr_line' id='line_1_13' title="bbox 323 1733 1528 1819; baseline 0.001 -23"><span class='ocrx_word' id='word_1_119' title='bbox 323 1756 404 1808; x_wconf 90' lang='lat' dir='ltr'><strong>esse,</strong></span> <span class='ocrx_word' id='word_1_120' title='bbox 421 1735 506 1796; x_wconf 93' lang='lat' dir='ltr'><strong>bona</strong></span> <span class='ocrx_word' id='word_1_121' title='bbox 520 1755 583 1818; x_wconf 93' lang='lat' dir='ltr'><strong>quo</strong></span> <span class='ocrx_word' id='word_1_122' title='bbox 600 1735 674 1817; x_wconf 87' lang='lat' dir='ltr'><strong>jure</strong></span> <span class='ocrx_word' id='word_1_123' title='bbox 691 1741 750 1796; x_wconf 88' lang='lat' dir='ltr'><strong>aut</strong></span> <span class='ocrx_word' id='word_1_124' title='bbox 769 1755 832 1817; x_wconf 93' lang='lat' dir='ltr'><strong>quo</strong></span> <span class='ocrx_word' id='word_1_125' title='bbox 855 1733 950 1796; x_wconf 92' lang='lat' dir='ltr'><strong>modo</strong></span> <span class='ocrx_word' id='word_1_126' title='bbox 974 1735 1031 1796; x_wconf 85' lang='lat' dir='ltr'><strong>aut</strong></span> <span class='ocrx_word' id='word_1_127' title='bbox 1047 1755 1109 1819; x_wconf 91' lang='lat' dir='ltr'><strong>qua</strong></span> <span class='ocrx_word' id='word_1_128' title='bbox 1131 1733 1201 1818; x_wconf 88' lang='lat' dir='ltr'><strong>lege</strong></span> <span class='ocrx_word' id='word_1_129' title='bbox 1219 1733 1383 1808; x_wconf 88' lang='lat' dir='ltr'><strong>venierint,</strong></span> <span class='ocrx_word' id='word_1_130' title='bbox 1399 1755 1528 1817; x_wconf 89' lang='lat' dir='ltr'><strong>quaero.</strong></span> 
     </span>
     <span class='ocr_line' id='line_1_14' title="bbox 325 1830 1529 1916; baseline 0 -22"><span class='ocrx_word' id='word_1_131' title='bbox 325 1831 460 1895; x_wconf 86' lang='lat' dir='ltr'>XLIV.</span> <span class='ocrx_word' id='word_1_132' title='bbox 485 1831 524 1894; x_wconf 93' lang='lat' dir='ltr'><strong>In</strong></span> <span class='ocrx_word' id='word_1_133' title='bbox 542 1853 637 1916; x_wconf 90' lang='lat' dir='ltr'><strong>quem</strong></span> <span class='ocrx_word' id='word_1_134' title='bbox 656 1831 716 1894; x_wconf 89' lang='lat' dir='ltr'><strong>boc</strong></span> <span class='ocrx_word' id='word_1_135' title='bbox 737 1831 850 1907; x_wconf 90' lang='lat' dir='ltr'><strong>dicam,</strong></span> <span class='ocrx_word' id='word_1_136' title='bbox 867 1830 1004 1915; x_wconf 89' lang='lat' dir='ltr'><strong>quaeris,</strong></span> <span class='ocrx_word' id='word_1_137' title='bbox 1028 1830 1147 1895; x_wconf 68' lang='lat' dir='ltr'><strong>Eruci?</strong></span> <span class='ocrx_word' id='word_1_138' title='bbox 1192 1831 1264 1894; x_wconf 90' lang='lat' dir='ltr'><strong>Non</strong></span> <span class='ocrx_word' id='word_1_139' title='bbox 1285 1830 1317 1894; x_wconf 95' lang='lat' dir='ltr'><strong>in</strong></span> <span class='ocrx_word' id='word_1_140' title='bbox 1337 1852 1410 1894; x_wconf 89' lang='lat' dir='ltr'><strong>eum</strong></span> <span class='ocrx_word' id='word_1_141' title='bbox 1434 1851 1529 1915; x_wconf 91' lang='lat' dir='ltr'><strong>quem</strong></span> 
     </span>
     <span class='ocr_line' id='line_1_15' title="bbox 323 1928 1528 2015; baseline -0.002 -21"><span class='ocrx_word' id='word_1_142' title='bbox 323 1931 372 1994; x_wconf 84' lang='lat' dir='ltr'><strong>vis</strong></span> <span class='ocrx_word' id='word_1_143' title='bbox 386 1939 421 1995; x_wconf 91' lang='lat' dir='ltr'><strong>et</strong></span> <span class='ocrx_word' id='word_1_144' title='bbox 435 1938 542 2015; x_wconf 88' lang='lat' dir='ltr'><strong>putas.</strong></span> <span class='ocrx_word' id='word_1_145' title='bbox 586 1929 671 1993; x_wconf 89' lang='lat' dir='ltr'><strong>Nam</strong></span> <span class='ocrx_word' id='word_1_146' title='bbox 687 1928 806 1992; x_wconf 90' lang='lat' dir='ltr'><strong>Sullam</strong></span> <span class='ocrx_word' id='word_1_147' title='bbox 820 1937 855 1992; x_wconf 89' lang='lat' dir='ltr'><strong>et</strong></span> <span class='ocrx_word' id='word_1_148' title='bbox 869 1928 973 1992; x_wconf 89' lang='lat' dir='ltr'><strong>oratio</strong></span> <span class='ocrx_word' id='word_1_149' title='bbox 988 1950 1059 1992; x_wconf 91' lang='lat' dir='ltr'><strong>mea</strong></span> <span class='ocrx_word' id='word_1_150' title='bbox 1078 1929 1119 1992; x_wconf 89' lang='lat' dir='ltr'><strong>ab</strong></span> <span class='ocrx_word' id='word_1_151' title='bbox 1140 1929 1230 1994; x_wconf 91' lang='lat' dir='ltr'><strong>initio</strong></span> <span class='ocrx_word' id='word_1_152' title='bbox 1246 1937 1280 1993; x_wconf 91' lang='lat' dir='ltr'><strong>et</strong></span> <span class='ocrx_word' id='word_1_153' title='bbox 1295 1928 1395 2014; x_wconf 93' lang='lat' dir='ltr'><strong>ipsius</strong></span> <span class='ocrx_word' id='word_1_154' title='bbox 1410 1929 1528 1992; x_wconf 85' lang='lat' dir='ltr'><strong>eximia</strong></span> 
     </span>
     <span class='ocr_line' id='line_1_16' title="bbox 324 2025 1528 2112; baseline -0.002 -19"><span class='ocrx_word' id='word_1_155' title='bbox 324 2029 425 2093; x_wconf 88' lang='lat' dir='ltr'><strong>virtus</strong></span> <span class='ocrx_word' id='word_1_156' title='bbox 448 2028 532 2091; x_wconf 92' lang='lat' dir='ltr'><strong>omni</strong></span> <span class='ocrx_word' id='word_1_157' title='bbox 560 2035 706 2112; x_wconf 86' lang='lat' dir='ltr'><strong>tempore</strong></span> <span class='ocrx_word' id='word_1_158' title='bbox 735 2025 894 2111; x_wconf 88' lang='lat' dir='ltr'><strong>purgavit.</strong></span> <span class='ocrx_word' id='word_1_159' title='bbox 949 2025 1022 2111; x_wconf 85' lang='lat' dir='ltr'><strong>Ego</strong></span> <span class='ocrx_word' id='word_1_160' title='bbox 1051 2026 1129 2090; x_wconf 84' lang='lat' dir='ltr'><strong>haec</strong></span> <span class='ocrx_word' id='word_1_161' title='bbox 1155 2027 1260 2090; x_wconf 90' lang='lat' dir='ltr'><strong>omnia</strong></span> <span class='ocrx_word' id='word_1_162' title='bbox 1286 2025 1528 2112; x_wconf 82' lang='lat' dir='ltr'><strong>Chrysogonum</strong></span> 
     </span>
     <span class='ocr_line' id='line_1_17' title="bbox 323 2123 1528 2210; baseline -0.001 -21"><span class='ocrx_word' id='word_1_163' title='bbox 323 2125 438 2189; x_wconf 82' lang='lat' dir='ltr'><strong>fecisse</strong></span> <span class='ocrx_word' id='word_1_164' title='bbox 452 2125 533 2203; x_wconf 88' lang='lat' dir='ltr'><strong>dico,</strong></span> <span class='ocrx_word' id='word_1_165' title='bbox 550 2132 588 2187; x_wconf 93' lang='lat' dir='ltr'><strong>ut</strong></span> <span class='ocrx_word' id='word_1_166' title='bbox 602 2124 819 2201; x_wconf 76' lang='lat' dir='ltr'><strong>ementiretur,</strong></span> <span class='ocrx_word' id='word_1_167' title='bbox 836 2131 873 2188; x_wconf 92' lang='lat' dir='ltr'><strong>ut</strong></span> <span class='ocrx_word' id='word_1_168' title='bbox 888 2123 1005 2188; x_wconf 85' lang='lat' dir='ltr'><strong>malum</strong></span> <span class='ocrx_word' id='word_1_169' title='bbox 1026 2124 1125 2187; x_wconf 87' lang='lat' dir='ltr'><strong>civem</strong></span> <span class='ocrx_word' id='word_1_170' title='bbox 1148 2124 1299 2188; x_wconf 86' lang='lat' dir='ltr'><strong>Roscium</strong></span> <span class='ocrx_word' id='word_1_171' title='bbox 1315 2125 1412 2188; x_wconf 85' lang='lat' dir='ltr'><strong>luisse</strong></span> <span class='ocrx_word' id='word_1_172' title='bbox 1427 2125 1528 2210; x_wconf 88' lang='lat' dir='ltr'><strong>finge·</strong></span> 
     </span>
     <span class='ocr_line' id='line_1_18' title="bbox 324 2221 1528 2307; baseline 0 -21"><span class='ocrx_word' id='word_1_173' title='bbox 324 2230 384 2300; x_wconf 89' lang='lat' dir='ltr'><strong>ret,</strong></span> <span class='ocrx_word' id='word_1_174' title='bbox 397 2231 435 2287; x_wconf 89' lang='lat' dir='ltr'><strong>ut</strong></span> <span class='ocrx_word' id='word_1_175' title='bbox 449 2246 521 2296; x_wconf 84' lang='lat' dir='ltr'><strong>eum</strong></span> <span class='ocrx_word' id='word_1_176' title='bbox 535 2222 622 2307; x_wconf 91' lang='lat' dir='ltr'><strong>apud</strong></span> <span class='ocrx_word' id='word_1_177' title='bbox 635 2221 833 2286; x_wconf 87' lang='lat' dir='ltr'><strong>adversarios</strong></span> <span class='ocrx_word' id='word_1_178' title='bbox 844 2221 984 2284; x_wconf 91' lang='lat' dir='ltr'><strong>occisum</strong></span> <span class='ocrx_word' id='word_1_179' title='bbox 999 2243 1070 2286; x_wconf 87' lang='lat' dir='ltr'><strong>esse</strong></span> <span class='ocrx_word' id='word_1_180' title='bbox 1084 2222 1212 2301; x_wconf 87' lang='lat' dir='ltr'><strong>diceret,</strong></span> <span class='ocrx_word' id='word_1_181' title='bbox 1226 2230 1262 2286; x_wconf 89' lang='lat' dir='ltr'><strong>ut</strong></span> <span class='ocrx_word' id='word_1_182' title='bbox 1277 2223 1363 2288; x_wconf 87' lang='lat' dir='ltr'><strong>hisce</strong></span> <span class='ocrx_word' id='word_1_183' title='bbox 1378 2223 1417 2286; x_wconf 90' lang='lat' dir='ltr'><strong>de</strong></span> <span class='ocrx_word' id='word_1_184' title='bbox 1432 2223 1528 2287; x_wconf 88' lang='lat' dir='ltr'><strong>rebus</strong></span> 
     </span>
     <span class='ocr_line' id='line_1_19' title="bbox 324 2319 1528 2407; baseline 0 -23"><span class='ocrx_word' id='word_1_185' title='bbox 324 2321 475 2406; x_wconf 76' lang='lat' dir='ltr'><strong>elegatis</strong></span> <span class='ocrx_word' id='word_1_186' title='bbox 494 2320 717 2383; x_wconf 90' lang='lat' dir='ltr'><strong>Amerinorum</strong></span> <span class='ocrx_word' id='word_1_187' title='bbox 736 2320 843 2383; x_wconf 87' lang='lat' dir='ltr'><strong>doceri</strong></span> <span class='ocrx_word' id='word_1_188' title='bbox 865 2319 901 2382; x_wconf 87' lang='lat' dir='ltr'><strong>L.</strong></span> <span class='ocrx_word' id='word_1_189' title='bbox 924 2319 1044 2383; x_wconf 82' lang='lat' dir='ltr'><strong>Sullam</strong></span> <span class='ocrx_word' id='word_1_190' title='bbox 1062 2341 1174 2404; x_wconf 87' lang='lat' dir='ltr'><strong>passus</strong></span> <span class='ocrx_word' id='word_1_191' title='bbox 1199 2321 1335 2386; x_wconf 89' lang='lat' dir='ltr'><strong>nonsit.</strong></span> <span class='ocrx_word' id='word_1_192' title='bbox 1382 2321 1528 2407; x_wconf 89' lang='lat' dir='ltr'><strong>Denique</strong></span> 
     </span>
     <span class='ocr_line' id='line_1_20' title="bbox 323 2416 1526 2504; baseline 0.001 -22"><span class='ocrx_word' id='word_1_193' title='bbox 323 2419 422 2483; x_wconf 89' lang='lat' dir='ltr'><strong>etiam</strong></span> <span class='ocrx_word' id='word_1_194' title='bbox 436 2418 512 2482; x_wconf 89' lang='lat' dir='ltr'><strong>illud</strong></span> <span class='ocrx_word' id='word_1_195' title='bbox 523 2417 675 2502; x_wconf 88' lang='lat' dir='ltr'><strong>suspicor,</strong></span> <span class='ocrx_word' id='word_1_196' title='bbox 688 2416 814 2480; x_wconf 92' lang='lat' dir='ltr'><strong>omnino</strong></span> <span class='ocrx_word' id='word_1_197' title='bbox 826 2417 905 2481; x_wconf 89' lang='lat' dir='ltr'><strong>haec</strong></span> <span class='ocrx_word' id='word_1_198' title='bbox 920 2417 1003 2481; x_wconf 92' lang='lat' dir='ltr'><strong>bona</strong></span> <span class='ocrx_word' id='word_1_199' title='bbox 1017 2439 1080 2480; x_wconf 94' lang='lat' dir='ltr'><strong>non</strong></span> <span class='ocrx_word' id='word_1_200' title='bbox 1091 2417 1233 2494; x_wconf 86' lang='lat' dir='ltr'><strong>venisse;</strong></span> <span class='ocrx_word' id='word_1_201' title='bbox 1258 2418 1290 2481; x_wconf 93' lang='lat' dir='ltr'><strong>id</strong></span> <span class='ocrx_word' id='word_1_202' title='bbox 1306 2419 1390 2504; x_wconf 93' lang='lat' dir='ltr'><strong>quod</strong></span> <span class='ocrx_word' id='word_1_203' title='bbox 1405 2427 1526 2504; x_wconf 83' lang='lat' dir='ltr'><strong>postea,</strong></span> 
     </span>
     <span class='ocr_line' id='line_1_21' title="bbox 325 2515 1527 2602; baseline 0.001 -22"><span class='ocrx_word' id='word_1_204' title='bbox 325 2516 510 2602; x_wconf 72' lang='lat' dir='ltr'><strong>supervos,</strong></span> <span class='ocrx_word' id='word_1_205' title='bbox 533 2516 668 2601; x_wconf 90' lang='lat' dir='ltr'><strong>judices,</strong></span> <span class='ocrx_word' id='word_1_206' title='bbox 687 2515 811 2579; x_wconf 92' lang='lat' dir='ltr'><strong>licitum</strong></span> <span class='ocrx_word' id='word_1_207' title='bbox 833 2515 904 2594; x_wconf 89' lang='lat' dir='ltr'><strong>erit,</strong></span> <span class='ocrx_word' id='word_1_208' title='bbox 930 2515 1100 2600; x_wconf 89' lang='lat' dir='ltr'><strong>aperietur.</strong></span> <span class='ocrx_word' id='word_1_209' title='bbox 1146 2515 1268 2601; x_wconf 90' lang='lat' dir='ltr'><strong>Opinor</strong></span> <span class='ocrx_word' id='word_1_210' title='bbox 1292 2517 1376 2580; x_wconf 90' lang='lat' dir='ltr'><strong>enim</strong></span> <span class='ocrx_word' id='word_1_211' title='bbox 1399 2539 1469 2581; x_wconf 90' lang='lat' dir='ltr'><strong>esse</strong></span> <span class='ocrx_word' id='word_1_212' title='bbox 1495 2517 1527 2580; x_wconf 92' lang='lat' dir='ltr'><strong>in</strong></span> 
     </span>
     <span class='ocr_line' id='line_1_22' title="bbox 324 2613 1528 2701; baseline 0.002 -22"><span class='ocrx_word' id='word_1_213' title='bbox 324 2615 406 2701; x_wconf 87' lang='lat' dir='ltr'><strong>lege,</strong></span> <span class='ocrx_word' id='word_1_214' title='bbox 431 2636 527 2700; x_wconf 88' lang='lat' dir='ltr'><strong>quam</strong></span> <span class='ocrx_word' id='word_1_215' title='bbox 546 2615 588 2680; x_wconf 91' lang='lat' dir='ltr'><strong>ad</strong></span> <span class='ocrx_word' id='word_1_216' title='bbox 606 2614 690 2678; x_wconf 88' lang='lat' dir='ltr'><strong>diem</strong></span> <span class='ocrx_word' id='word_1_217' title='bbox 706 2613 956 2700; x_wconf 86' lang='lat' dir='ltr'><strong>proscriptiones</strong></span> <span class='ocrx_word' id='word_1_218' title='bbox 976 2613 1235 2700; x_wconf 85' lang='lat' dir='ltr'><strong>venditionesque</strong></span> <span class='ocrx_word' id='word_1_219' title='bbox 1258 2614 1355 2689; x_wconf 89' lang='lat' dir='ltr'><strong>fiant;</strong></span> <span class='ocrx_word' id='word_1_220' title='bbox 1381 2615 1528 2681; x_wconf 92' lang='lat' dir='ltr'><strong>nimirum</strong></span> 
     </span>
     <span class='ocr_line' id='line_1_23' title="bbox 325 2712 1525 2797; baseline 0.001 -20"><span class='ocrx_word' id='word_1_221' title='bbox 325 2714 367 2777; x_wconf 90' lang='lat' dir='ltr'><strong>ad</strong></span> <span class='ocrx_word' id='word_1_222' title='bbox 389 2734 573 2777; x_wconf 77' lang='lat' dir='ltr'><strong>aaanuuas</strong></span> <span class='ocrx_word' id='word_1_223' title='bbox 596 2734 730 2777; x_wconf 79' lang='lat' dir='ltr'><strong>scuras.</strong></span> <span class='ocrx_word' id='word_1_224' title='bbox 775 2712 911 2797; x_wconf 88' lang='lat' dir='ltr'><strong>Aliquot</strong></span> <span class='ocrx_word' id='word_1_225' title='bbox 930 2719 1002 2797; x_wconf 89' lang='lat' dir='ltr'><strong>post</strong></span> <span class='ocrx_word' id='word_1_226' title='bbox 1022 2734 1146 2775; x_wconf 89' lang='lat' dir='ltr'><strong>menses</strong></span> <span class='ocrx_word' id='word_1_227' title='bbox 1165 2722 1200 2777; x_wconf 91' lang='lat' dir='ltr'><strong>et</strong></span> <span class='ocrx_word' id='word_1_228' title='bbox 1217 2714 1311 2777; x_wconf 87' lang='lat' dir='ltr'><strong>bomo</strong></span> <span class='ocrx_word' id='word_1_229' title='bbox 1326 2716 1451 2779; x_wconf 86' lang='lat' dir='ltr'><strong>occisus</strong></span> <span class='ocrx_word' id='word_1_230' title='bbox 1466 2723 1525 2792; x_wconf 88' lang='lat' dir='ltr'><strong>est,</strong></span> 
     </span>
     <span class='ocr_line' id='line_1_24' title="bbox 324 2809 1527 2897; baseline 0 -22"><span class='ocrx_word' id='word_1_231' title='bbox 324 2821 359 2875; x_wconf 89' lang='lat' dir='ltr'><strong>et</strong></span> <span class='ocrx_word' id='word_1_232' title='bbox 373 2812 457 2875; x_wconf 91' lang='lat' dir='ltr'><strong>bona</strong></span> <span class='ocrx_word' id='word_1_233' title='bbox 471 2811 593 2874; x_wconf 89' lang='lat' dir='ltr'><strong>venisse</strong></span> <span class='ocrx_word' id='word_1_234' title='bbox 605 2810 763 2875; x_wconf 89' lang='lat' dir='ltr'><strong>dicuntur.</strong></span> <span class='ocrx_word' id='word_1_235' title='bbox 810 2809 961 2874; x_wconf 79' lang='lat' dir='ltr'><strong>Profecto</strong></span> <span class='ocrx_word' id='word_1_236' title='bbox 976 2816 1034 2873; x_wconf 92' lang='lat' dir='ltr'><strong>aut</strong></span> <span class='ocrx_word' id='word_1_237' title='bbox 1049 2810 1126 2875; x_wconf 88' lang='lat' dir='ltr'><strong>haec</strong></span> <span class='ocrx_word' id='word_1_238' title='bbox 1142 2812 1225 2873; x_wconf 88' lang='lat' dir='ltr'><strong>bona</strong></span> <span class='ocrx_word' id='word_1_239' title='bbox 1239 2811 1270 2873; x_wconf 93' lang='lat' dir='ltr'><strong>in</strong></span> <span class='ocrx_word' id='word_1_240' title='bbox 1286 2811 1412 2875; x_wconf 88' lang='lat' dir='ltr'><strong>tabulas</strong></span> <span class='ocrx_word' id='word_1_241' title='bbox 1426 2812 1527 2897; x_wconf 92' lang='lat' dir='ltr'><strong>publi·</strong></span> 
     </span>
     <span class='ocr_line' id='line_1_25' title="bbox 325 2907 1528 2995; baseline 0.001 -22"><span class='ocrx_word' id='word_1_242' title='bbox 325 2931 380 2973; x_wconf 86' lang='lat' dir='ltr'><strong>cas</strong></span> <span class='ocrx_word' id='word_1_243' title='bbox 394 2909 479 2973; x_wconf 91' lang='lat' dir='ltr'><strong>nulla</strong></span> <span class='ocrx_word' id='word_1_244' title='bbox 492 2909 656 2973; x_wconf 82' lang='lat' dir='ltr'><strong>redierunt</strong></span> <span class='ocrx_word' id='word_1_245' title='bbox 669 2930 791 2992; x_wconf 85' lang='lat' dir='ltr'><strong>nosque</strong></span> <span class='ocrx_word' id='word_1_246' title='bbox 805 2908 846 2971; x_wconf 88' lang='lat' dir='ltr'><strong>ab</strong></span> <span class='ocrx_word' id='word_1_247' title='bbox 861 2907 925 2971; x_wconf 90' lang='lat' dir='ltr'><strong>isto</strong></span> <span class='ocrx_word' id='word_1_248' title='bbox 941 2907 1098 2971; x_wconf 89' lang='lat' dir='ltr'><strong>nebulone</strong></span> <span class='ocrx_word' id='word_1_249' title='bbox 1113 2908 1247 2973; x_wconf 78' lang='lat' dir='ltr'><strong>facetius</strong></span> <span class='ocrx_word' id='word_1_250' title='bbox 1262 2910 1418 2973; x_wconf 86' lang='lat' dir='ltr'><strong>eludimur</strong></span> <span class='ocrx_word' id='word_1_251' title='bbox 1432 2932 1528 2995; x_wconf 90' lang='lat' dir='ltr'><strong>quam</strong></span> 
     </span>
     <span class='ocr_line' id='line_1_26' title="bbox 324 3005 1529 3094; baseline 0.002 -24"><span class='ocrx_word' id='word_1_252' title='bbox 324 3021 493 3092; x_wconf 78' lang='lat' dir='ltr'><strong>putamus3</strong></span> <span class='ocrx_word' id='word_1_253' title='bbox 530 3014 596 3085; x_wconf 88' lang='lat' dir='ltr'><strong>aut,</strong></span> <span class='ocrx_word' id='word_1_254' title='bbox 628 3006 655 3069; x_wconf 91' lang='lat' dir='ltr'><strong>si</strong></span> <span class='ocrx_word' id='word_1_255' title='bbox 687 3006 860 3080; x_wconf 89' lang='lat' dir='ltr'><strong>redierunt,</strong></span> <span class='ocrx_word' id='word_1_256' title='bbox 893 3005 1020 3069; x_wconf 87' lang='lat' dir='ltr'><strong>tabulae</strong></span> <span class='ocrx_word' id='word_1_257' title='bbox 1049 3006 1195 3091; x_wconf 88' lang='lat' dir='ltr'><strong>publicae</strong></span> <span class='ocrx_word' id='word_1_258' title='bbox 1228 3016 1394 3093; x_wconf 83' lang='lat' dir='ltr'><strong>corruptae</strong></span> <span class='ocrx_word' id='word_1_259' title='bbox 1423 3008 1529 3094; x_wconf 88' lang='lat' dir='ltr'><strong>aliqua</strong></span> 
     </span>
     <span class='ocr_line' id='line_1_27' title="bbox 324 3102 1527 3189; baseline 0.001 -21"><span class='ocrx_word' id='word_1_260' title='bbox 324 3104 450 3168; x_wconf 87' lang='lat' dir='ltr'><strong>ratione</strong></span> <span class='ocrx_word' id='word_1_261' title='bbox 464 3111 551 3169; x_wconf 91' lang='lat' dir='ltr'><strong>sunt.</strong></span> <span class='ocrx_word' id='word_1_262' title='bbox 595 3103 679 3166; x_wconf 88' lang='lat' dir='ltr'><strong>Nam</strong></span> <span class='ocrx_word' id='word_1_263' title='bbox 693 3103 761 3186; x_wconf 85' lang='lat' dir='ltr'><strong>lege</strong></span> <span class='ocrx_word' id='word_1_264' title='bbox 782 3102 910 3187; x_wconf 90' lang='lat' dir='ltr'><strong>quidem</strong></span> <span class='ocrx_word' id='word_1_265' title='bbox 930 3102 1014 3166; x_wconf 86' lang='lat' dir='ltr'><strong>bona</strong></span> <span class='ocrx_word' id='word_1_266' title='bbox 1033 3104 1139 3167; x_wconf 90' lang='lat' dir='ltr'><strong>venire</strong></span> <span class='ocrx_word' id='word_1_267' title='bbox 1154 3126 1216 3167; x_wconf 92' lang='lat' dir='ltr'><strong>non</strong></span> <span class='ocrx_word' id='word_1_268' title='bbox 1232 3106 1373 3189; x_wconf 90' lang='lat' dir='ltr'><strong>potuisse</strong></span> <span class='ocrx_word' id='word_1_269' title='bbox 1389 3114 1527 3171; x_wconf 85' lang='lat' dir='ltr'><strong>constat.</strong></span> 
     </span>
     <span class='ocr_line' id='line_1_28' title="bbox 327 3198 1529 3288; baseline 0.003 -25"><span class='ocrx_word' id='word_1_270' title='bbox 327 3201 476 3287; x_wconf 86' lang='lat' dir='ltr'><strong>Intelligo</strong></span> <span class='ocrx_word' id='word_1_271' title='bbox 502 3223 554 3265; x_wconf 86' lang='lat' dir='ltr'><strong>me</strong></span> <span class='ocrx_word' id='word_1_272' title='bbox 577 3207 653 3263; x_wconf 89' lang='lat' dir='ltr'><strong>ante</strong></span> <span class='ocrx_word' id='word_1_273' title='bbox 672 3207 807 3283; x_wconf 89' lang='lat' dir='ltr'><strong>tempus,</strong></span> <span class='ocrx_word' id='word_1_274' title='bbox 823 3198 961 3282; x_wconf 87' lang='lat' dir='ltr'><strong>judices,</strong></span> <span class='ocrx_word' id='word_1_275' title='bbox 981 3200 1058 3265; x_wconf 87' lang='lat' dir='ltr'><strong>baec</strong></span> <span class='ocrx_word' id='word_1_276' title='bbox 1081 3202 1218 3266; x_wconf 86' lang='lat' dir='ltr'><strong>scrutari</strong></span> <span class='ocrx_word' id='word_1_277' title='bbox 1243 3210 1277 3267; x_wconf 87' lang='lat' dir='ltr'><strong>et</strong></span> <span class='ocrx_word' id='word_1_278' title='bbox 1302 3204 1529 3288; x_wconf 87' lang='lat' dir='ltr'><strong>propemodum</strong></span> 
     </span>
     <span class='ocr_line' id='line_1_29' title="bbox 325 3294 1529 3381; baseline 0.003 -22"><span class='ocrx_word' id='word_1_279' title='bbox 325 3318 440 3373; x_wconf 87' lang='lat' dir='ltr'><strong>errare,</strong></span> <span class='ocrx_word' id='word_1_280' title='bbox 471 3297 535 3381; x_wconf 88' lang='lat' dir='ltr'><strong>qni,</strong></span> <span class='ocrx_word' id='word_1_281' title='bbox 562 3318 660 3380; x_wconf 92' lang='lat' dir='ltr'><strong>quum</strong></span> <span class='ocrx_word' id='word_1_282' title='bbox 688 3295 787 3380; x_wconf 92' lang='lat' dir='ltr'><strong>capiti</strong></span> <span class='ocrx_word' id='word_1_283' title='bbox 814 3294 889 3360; x_wconf 88' lang='lat' dir='ltr'><strong>Sex.</strong></span> <span class='ocrx_word' id='word_1_284' title='bbox 921 3294 1029 3361; x_wconf 90' lang='lat' dir='ltr'><strong>Roscii</strong></span> <span class='ocrx_word' id='word_1_285' title='bbox 1053 3298 1172 3362; x_wconf 86' lang='lat' dir='ltr'><strong>mederi</strong></span> <span class='ocrx_word' id='word_1_286' title='bbox 1201 3300 1342 3377; x_wconf 83' lang='lat' dir='ltr'><strong>debeam,</strong></span> <span class='ocrx_word' id='word_1_287' title='bbox 1366 3300 1529 3364; x_wconf 85' lang='lat' dir='ltr'><strong>reduviam</strong></span> 
     </span>
     <span class='ocr_line' id='line_1_30' title="bbox 325 3392 1528 3479; baseline 0.003 -22"><span class='ocrx_word' id='word_1_288' title='bbox 325 3415 442 3458; x_wconf 89' lang='lat' dir='ltr'><strong>curem.</strong></span> <span class='ocrx_word' id='word_1_289' title='bbox 489 3392 563 3457; x_wconf 89' lang='lat' dir='ltr'><strong>Non</strong></span> <span class='ocrx_word' id='word_1_290' title='bbox 586 3392 669 3455; x_wconf 87' lang='lat' dir='ltr'><strong>enim</strong></span> <span class='ocrx_word' id='word_1_291' title='bbox 695 3392 821 3456; x_wconf 86' lang='lat' dir='ltr'><strong>laborat</strong></span> <span class='ocrx_word' id='word_1_292' title='bbox 844 3392 884 3455; x_wconf 90' lang='lat' dir='ltr'><strong>de</strong></span> <span class='ocrx_word' id='word_1_293' title='bbox 909 3395 1065 3479; x_wconf 87' lang='lat' dir='ltr'><strong>pecunia;</strong></span> <span class='ocrx_word' id='word_1_294' title='bbox 1090 3418 1154 3459; x_wconf 93' lang='lat' dir='ltr'><strong>non</strong></span> <span class='ocrx_word' id='word_1_295' title='bbox 1179 3396 1273 3461; x_wconf 85' lang='lat' dir='ltr'><strong>ullius</strong></span> <span class='ocrx_word' id='word_1_296' title='bbox 1298 3398 1455 3463; x_wconf 86' lang='lat' dir='ltr'><strong>rationem</strong></span> <span class='ocrx_word' id='word_1_297' title='bbox 1478 3398 1528 3463; x_wconf 89' lang='lat' dir='ltr'><strong>sui</strong></span> 
     </span>
     <span class='ocr_line' id='line_1_31' title="bbox 325 3489 1528 3581; baseline 0.005 -27"><span class='ocrx_word' id='word_1_298' title='bbox 325 3490 483 3554; x_wconf 91' lang='lat' dir='ltr'><strong>commodi</strong></span> <span class='ocrx_word' id='word_1_299' title='bbox 509 3490 616 3563; x_wconf 88' lang='lat' dir='ltr'><strong>ducit;</strong></span> <span class='ocrx_word' id='word_1_300' title='bbox 641 3489 733 3552; x_wconf 85' lang='lat' dir='ltr'><strong>lacilc</strong></span> <span class='ocrx_word' id='word_1_301' title='bbox 756 3496 934 3574; x_wconf 81' lang='lat' dir='ltr'><strong>egestatem</strong></span> <span class='ocrx_word' id='word_1_302' title='bbox 957 3513 1048 3555; x_wconf 90' lang='lat' dir='ltr'><strong>snam</strong></span> <span class='ocrx_word' id='word_1_303' title='bbox 1070 3514 1105 3557; x_wconf 90' lang='lat' dir='ltr'><strong>se</strong></span> <span class='ocrx_word' id='word_1_304' title='bbox 1123 3494 1262 3558; x_wconf 85' lang='lat' dir='ltr'><strong>laturum</strong></span> <span class='ocrx_word' id='word_1_305' title='bbox 1287 3504 1390 3581; x_wconf 86' lang='lat' dir='ltr'><strong>putat,</strong></span> <span class='ocrx_word' id='word_1_306' title='bbox 1416 3496 1443 3560; x_wconf 91' lang='lat' dir='ltr'><strong>si</strong></span> <span class='ocrx_word' id='word_1_307' title='bbox 1466 3496 1528 3561; x_wconf 89' lang='lat' dir='ltr'><strong>hac</strong></span> 
     </span>
     <span class='ocr_line' id='line_1_32' title="bbox 324 3586 1529 3680; baseline 0.006 -29"><span class='ocrx_word' id='word_1_308' title='bbox 324 3587 455 3673; x_wconf 89' lang='lat' dir='ltr'><strong>indigna</strong></span> <span class='ocrx_word' id='word_1_309' title='bbox 468 3586 648 3672; x_wconf 86' lang='lat' dir='ltr'><strong>suspicione</strong></span> <span class='ocrx_word' id='word_1_310' title='bbox 663 3594 697 3651; x_wconf 88' lang='lat' dir='ltr'><strong>et</strong></span> <span class='ocrx_word' id='word_1_311' title='bbox 711 3586 787 3650; x_wconf 90' lang='lat' dir='ltr'><strong>ficto</strong></span> <span class='ocrx_word' id='word_1_312' title='bbox 802 3586 933 3651; x_wconf 89' lang='lat' dir='ltr'><strong>crimine</strong></span> <span class='ocrx_word' id='word_1_313' title='bbox 953 3588 1106 3655; x_wconf 90' lang='lat' dir='ltr'><strong>liberatus</strong></span> <span class='ocrx_word' id='word_1_314' title='bbox 1128 3592 1180 3657; x_wconf 88' lang='lat' dir='ltr'><strong>sit.</strong></span> <span class='ocrx_word' id='word_1_315' title='bbox 1228 3592 1349 3657; x_wconf 87' lang='lat' dir='ltr'><strong>Verum</strong></span> <span class='ocrx_word' id='word_1_316' title='bbox 1370 3616 1488 3680; x_wconf 89' lang='lat' dir='ltr'><strong>quaeso</strong></span> <span class='ocrx_word' id='word_1_317' title='bbox 1507 3616 1529 3657; x_wconf 88' lang='lat' dir='ltr'><strong>a</strong></span> 
     </span>
    </p>
   </div>
   <div class='ocr_carea' id='block_1_4' title="bbox 323 3808 1528 4574">
    <p class='ocr_par' dir='ltr' id='par_1_4' title="bbox 356 3808 1396 3877">
     <span class='ocr_line' id='line_1_33' title="bbox 356 3808 1396 3877; baseline 0.008 -21"><span class='ocrx_word' id='word_1_318' title='bbox 356 3809 398 3857; x_wconf 77' lang='grc'><strong>48.</strong></span> <span class='ocrx_word' id='word_1_319' title='bbox 418 3808 532 3871; x_wconf 68' lang='lat' dir='ltr'><strong>Valeria]</strong></span> <span class='ocrx_word' id='word_1_320' title='bbox 566 3808 626 3857; x_wconf 84' lang='lat' dir='ltr'><strong>Thia</strong></span> <span class='ocrx_word' id='word_1_321' title='bbox 647 3810 668 3857; x_wconf 87' lang='lat' dir='ltr'><strong>ia</strong></span> <span class='ocrx_word' id='word_1_322' title='bbox 690 3808 733 3858; x_wconf 78' lang='lat' dir='ltr'><strong>tha</strong></span> <span class='ocrx_word' id='word_1_323' title='bbox 755 3810 805 3858; x_wconf 80' lang='lat' dir='ltr'><strong>laex</strong></span> <span class='ocrx_word' id='word_1_324' title='bbox 831 3811 910 3859; x_wconf 81' lang='lat' dir='ltr'><strong>which</strong></span> <span class='ocrx_word' id='word_1_325' title='bbox 942 3814 1018 3868; x_wconf 74' lang='lat' dir='ltr'><strong>el7:</strong></span> <span class='ocrx_word' id='word_1_326' title='bbox 1038 3813 1219 3877; x_wconf 75' lang='lat' dir='ltr'><strong>“sduntiiqui</strong></span> <span class='ocrx_word' id='word_1_327' title='bbox 1231 3816 1396 3864; x_wconf 83' lang='lat' dir='ltr'><strong>menorunl.”</strong></span> 
     </span>
    </p>

    <p class='ocr_par' dir='ltr' id='par_1_5' title="bbox 323 3874 1528 4065">
     <span class='ocr_line' id='line_1_34' title="bbox 324 3874 1528 3941; baseline 0.007 -21"><span class='ocrx_word' id='word_1_328' title='bbox 324 3888 372 3920; x_wconf 73' lang='grc' dir='ltr'><strong>ιω</strong></span> <span class='ocrx_word' id='word_1_329' title='bbox 388 3874 506 3936; x_wconf 84' lang='lat' dir='ltr'><strong>proposed</strong></span> <span class='ocrx_word' id='word_1_330' title='bbox 524 3874 740 3935; x_wconf 68' lang='lat' dir='ltr'><strong>tyrocinum,</strong></span> <span class='ocrx_word' id='word_1_331' title='bbox 759 3876 788 3922; x_wconf 87' lang='lat' dir='ltr'><strong>L.</strong></span> <span class='ocrx_word' id='word_1_332' title='bbox 800 3876 910 3925; x_wconf 81' lang='lat' dir='ltr'><strong>Valerius</strong></span> <span class='ocrx_word' id='word_1_333' title='bbox 976 3880 1015 3925; x_wconf 77' lang='grc'><strong>44.</strong></span> <span class='ocrx_word' id='word_1_334' title='bbox 1032 3880 1148 3925; x_wconf 77' lang='lat' dir='ltr'><strong>nimirum</strong></span> <span class='ocrx_word' id='word_1_335' title='bbox 1167 3880 1289 3941; x_wconf 82' lang='lat' dir='ltr'><strong>adKa1.]</strong></span> <span class='ocrx_word' id='word_1_336' title='bbox 1326 3881 1350 3929; x_wconf 86' lang='lat' dir='ltr'><strong>It</strong></span> <span class='ocrx_word' id='word_1_337' title='bbox 1367 3882 1388 3929; x_wconf 88' lang='lat' dir='ltr'><strong>is</strong></span> <span class='ocrx_word' id='word_1_338' title='bbox 1405 3882 1456 3929; x_wconf 88' lang='lat' dir='ltr'><strong>said</strong></span> <span class='ocrx_word' id='word_1_339' title='bbox 1473 3880 1528 3931; x_wconf 85' lang='lat' dir='ltr'><strong>that</strong></span> 
     </span>
     <span class='ocr_line' id='line_1_35' title="bbox 325 3937 1527 4009; baseline 0.008 -24"><span class='ocrx_word' id='word_1_340' title='bbox 325 3937 431 3996; x_wconf 83' lang='lat' dir='ltr'><strong>Flaccus,</strong></span> <span class='ocrx_word' id='word_1_341' title='bbox 449 3938 533 3993; x_wconf 76' lang='lat' dir='ltr'><strong>a‚tool</strong></span> <span class='ocrx_word' id='word_1_342' title='bbox 543 3938 572 3986; x_wconf 80' lang='lat' dir='ltr'><strong>ol</strong></span> <span class='ocrx_word' id='word_1_343' title='bbox 583 3939 613 3987; x_wconf 85' lang='lat' dir='ltr'><strong>L.</strong></span> <span class='ocrx_word' id='word_1_344' title='bbox 631 3940 698 3987; x_wconf 84' lang='lat' dir='ltr'><strong>Sulla</strong></span> <span class='ocrx_word' id='word_1_345' title='bbox 709 3938 773 4003; x_wconf 79' lang='lat' dir='ltr'><strong>(rac.</strong></span> <span class='ocrx_word' id='word_1_346' title='bbox 785 3940 838 4004; x_wconf 80' lang='grc'>83),</span> <span class='ocrx_word' id='word_1_347' title='bbox 857 3946 910 3988; x_wconf 86' lang='lat' dir='ltr'><strong>“ut</strong></span> <span class='ocrx_word' id='word_1_348' title='bbox 943 3941 1000 3988; x_wconf 85' lang='lat' dir='ltr'><strong>&#39;ad&#39;</strong></span> <span class='ocrx_word' id='word_1_349' title='bbox 1017 3942 1092 3989; x_wconf 86' lang='lat' dir='ltr'><strong>ianot</strong></span> <span class='ocrx_word' id='word_1_350' title='bbox 1107 3943 1134 3989; x_wconf 92' lang='lat' dir='ltr'><strong>in</strong></span> <span class='ocrx_word' id='word_1_351' title='bbox 1148 3958 1214 3991; x_wconf 85' lang='lat' dir='ltr'><strong>some</strong></span> <span class='ocrx_word' id='word_1_352' title='bbox 1225 3944 1308 4003; x_wconf 73' lang='lat' dir='ltr'><strong>MSS,</strong></span> <span class='ocrx_word' id='word_1_353' title='bbox 1319 3946 1367 3993; x_wconf 85' lang='lat' dir='ltr'><strong>and</strong></span> <span class='ocrx_word' id='word_1_354' title='bbox 1378 3947 1398 3993; x_wconf 85' lang='lat' dir='ltr'><strong>it</strong></span> <span class='ocrx_word' id='word_1_355' title='bbox 1409 3946 1527 4009; x_wconf 79' lang='lat' dir='ltr'><strong>migbtbe</strong></span> 
     </span>
     <span class='ocr_line' id='line_1_36' title="bbox 323 4003 1051 4065; baseline 0.004 -16"><span class='ocrx_word' id='word_1_356' title='bbox 323 4003 405 4049; x_wconf 89' lang='lat' dir='ltr'><strong>omnia</strong></span> <span class='ocrx_word' id='word_1_357' title='bbox 415 4018 570 4065; x_wconf 72' lang='lat' dir='ltr'><strong>quaerunque</strong></span> <span class='ocrx_word' id='word_1_358' title='bbox 586 4004 626 4052; x_wconf 85' lang='lat' dir='ltr'><strong>ille</strong></span> <span class='ocrx_word' id='word_1_359' title='bbox 640 4004 735 4053; x_wconf 63' lang='lat' dir='ltr'><strong>sacrat</strong></span> <span class='ocrx_word' id='word_1_360' title='bbox 745 4012 825 4052; x_wconf 83' lang='lat' dir='ltr'><strong>caaent</strong></span> <span class='ocrx_word' id='word_1_361' title='bbox 835 4004 909 4052; x_wconf 83' lang='lat' dir='ltr'><strong>rata&#39;&#39;</strong></span> <span class='ocrx_word' id='word_1_362' title='bbox 943 4006 1051 4052; x_wconf 81' lang='lat' dir='ltr'><strong>omitted.</strong></span> 
     </span>
    </p>

    <p class='ocr_par' dir='ltr' id='par_1_6' title="bbox 323 4066 1527 4574">
     <span class='ocr_line' id='line_1_37' title="bbox 325 4066 1527 4134; baseline 0.008 -20"><span class='ocrx_word' id='word_1_363' title='bbox 325 4066 427 4128; x_wconf 80' lang='lat' dir='ltr'><strong>(Contra</strong></span> <span class='ocrx_word' id='word_1_364' title='bbox 436 4068 501 4115; x_wconf 74' lang='lat' dir='ltr'><strong>uult</strong></span> <span class='ocrx_word' id='word_1_365' title='bbox 509 4068 596 4131; x_wconf 78' lang='lat' dir='ltr'><strong>iii.2);</strong></span> <span class='ocrx_word' id='word_1_366' title='bbox 613 4069 660 4116; x_wconf 86' lang='lat' dir='ltr'><strong>and</strong></span> <span class='ocrx_word' id='word_1_367' title='bbox 672 4069 910 4131; x_wconf 82' lang='lat' dir='ltr'><strong>“utdictatorquem</strong></span> <span class='ocrx_word' id='word_1_368' title='bbox 975 4070 1100 4118; x_wconf 79' lang='lat' dir='ltr'><strong>reduviam</strong></span> <span class='ocrx_word' id='word_1_369' title='bbox 1123 4070 1226 4134; x_wconf 64' lang='lat' dir='ltr'><strong>curem]</strong></span> <span class='ocrx_word' id='word_1_370' title='bbox 1273 4072 1326 4121; x_wconf 85' lang='lat' dir='ltr'><strong>&#39;l&#39;he</strong></span> <span class='ocrx_word' id='word_1_371' title='bbox 1347 4074 1410 4122; x_wconf 79' lang='lat' dir='ltr'><strong>form</strong></span> <span class='ocrx_word' id='word_1_372' title='bbox 1431 4074 1460 4123; x_wconf 81' lang='lat' dir='ltr'><strong>of</strong></span> <span class='ocrx_word' id='word_1_373' title='bbox 1477 4074 1527 4123; x_wconf 86' lang='lat' dir='ltr'><strong>thia</strong></span> 
     </span>
     <span class='ocr_line' id='line_1_38' title="bbox 323 4132 1526 4199; baseline 0.009 -22"><span class='ocrx_word' id='word_1_374' title='bbox 323 4132 490 4179; x_wconf 84' lang='lat' dir='ltr'><strong>velletcivium</strong></span> <span class='ocrx_word' id='word_1_375' title='bbox 498 4132 589 4180; x_wconf 82' lang='lat' dir='ltr'><strong>indicta</strong></span> <span class='ocrx_word' id='word_1_376' title='bbox 599 4148 683 4180; x_wconf 78' lang='lat' dir='ltr'><strong>caussa</strong></span> <span class='ocrx_word' id='word_1_377' title='bbox 693 4134 908 4195; x_wconf 84' lang='lat' dir='ltr'><strong>poasetoccidere”</strong></span> <span class='ocrx_word' id='word_1_378' title='bbox 941 4134 1005 4181; x_wconf 81' lang='lat' dir='ltr'><strong>word</strong></span> <span class='ocrx_word' id='word_1_379' title='bbox 1032 4150 1087 4196; x_wconf 84' lang='lat' dir='ltr'><strong>may</strong></span> <span class='ocrx_word' id='word_1_380' title='bbox 1108 4134 1139 4182; x_wconf 89' lang='lat' dir='ltr'><strong>be</strong></span> <span class='ocrx_word' id='word_1_381' title='bbox 1166 4138 1291 4199; x_wconf 83' lang='lat' dir='ltr'><strong>compared</strong></span> <span class='ocrx_word' id='word_1_382' title='bbox 1313 4139 1371 4186; x_wconf 82' lang='lat' dir='ltr'><strong>with</strong></span> <span class='ocrx_word' id='word_1_383' title='bbox 1394 4140 1526 4188; x_wconf 60' lang='lat' dir='ltr'><strong>‘exuviaess</strong></span> 
     </span>
     <span class='ocr_line' id='line_1_39' title="bbox 324 4195 1527 4265; baseline 0.008 -23"><span class='ocrx_word' id='word_1_384' title='bbox 324 4195 376 4257; x_wconf 86' lang='lat' dir='ltr'><strong>(De</strong></span> <span class='ocrx_word' id='word_1_385' title='bbox 388 4197 445 4257; x_wconf 75' lang='lat' dir='ltr'><strong>leg.</strong></span> <span class='ocrx_word' id='word_1_386' title='bbox 458 4197 474 4243; x_wconf 92' lang='lat' dir='ltr'><strong>i.</strong></span> <span class='ocrx_word' id='word_1_387' title='bbox 491 4196 540 4258; x_wconf 77' lang='grc'><strong>15).</strong></span> <span class='ocrx_word' id='word_1_388' title='bbox 574 4196 803 4244; x_wconf 81' lang='lat' dir='ltr'><strong>Seealacl’lutarcb</strong></span> <span class='ocrx_word' id='word_1_389' title='bbox 821 4195 907 4259; x_wconf 85' lang='lat' dir='ltr'><strong>(Sulla,</strong></span> <span class='ocrx_word' id='word_1_390' title='bbox 942 4198 1021 4245; x_wconf 83' lang='lat' dir='ltr'><strong>‘Red’</strong></span> <span class='ocrx_word' id='word_1_391' title='bbox 1033 4200 1054 4246; x_wconf 85' lang='lat' dir='ltr'><strong>is</strong></span> <span class='ocrx_word' id='word_1_392' title='bbox 1067 4201 1125 4247; x_wconf 75' lang='lat' dir='ltr'><strong>‘re&#39;</strong></span> <span class='ocrx_word' id='word_1_393' title='bbox 1160 4200 1527 4265; x_wconf 79' lang='lat' dir='ltr'><strong>Reduviaisarecedingostbc</strong></span> 
     </span>
     <span class='ocr_line' id='line_1_40' title="bbox 324 4260 1527 4330; baseline 0.008 -24"><span class='ocrx_word' id='word_1_394' title='bbox 324 4274 345 4305; x_wconf 87' lang='lat' dir='ltr'><strong>c.</strong></span> <span class='ocrx_word' id='word_1_395' title='bbox 354 4260 406 4321; x_wconf 80' lang='grc'>33),</span> <span class='ocrx_word' id='word_1_396' title='bbox 416 4260 463 4307; x_wconf 87' lang='lat' dir='ltr'><strong>and</strong></span> <span class='ocrx_word' id='word_1_397' title='bbox 472 4262 568 4323; x_wconf 77' lang='lat' dir='ltr'><strong>Appian</strong></span> <span class='ocrx_word' id='word_1_398' title='bbox 579 4260 621 4323; x_wconf 88' lang='lat' dir='ltr'><strong>(B.</strong></span> <span class='ocrx_word' id='word_1_399' title='bbox 631 4261 813 4324; x_wconf 78' lang='lat' dir='ltr'><strong>C.i.97);and</strong></span> <span class='ocrx_word' id='word_1_400' title='bbox 821 4261 875 4308; x_wconf 81' lang='lat' dir='ltr'><strong>Vol</strong></span> <span class='ocrx_word' id='word_1_401' title='bbox 886 4262 907 4309; x_wconf 94' lang='lat' dir='ltr'><strong>l.</strong></span> <span class='ocrx_word' id='word_1_402' title='bbox 941 4262 995 4309; x_wconf 87' lang='lat' dir='ltr'><strong>sliu</strong></span> <span class='ocrx_word' id='word_1_403' title='bbox 1010 4264 1070 4311; x_wconf 83' lang='lat' dir='ltr'><strong>from</strong></span> <span class='ocrx_word' id='word_1_404' title='bbox 1088 4265 1130 4312; x_wconf 84' lang='lat' dir='ltr'><strong>tha</strong></span> <span class='ocrx_word' id='word_1_405' title='bbox 1145 4266 1213 4322; x_wconf 85' lang='lat' dir='ltr'><strong>nalla,</strong></span> <span class='ocrx_word' id='word_1_406' title='bbox 1230 4267 1394 4325; x_wconf 87' lang='lat' dir='ltr'><strong>asitiasaid;</strong></span> <span class='ocrx_word' id='word_1_407' title='bbox 1412 4270 1527 4330; x_wconf 80' lang='lat' dir='ltr'><strong>atrifling</strong></span> 
     </span>
     <span class='ocr_line' id='line_1_41' title="bbox 325 4322 1525 4394; baseline 0.01 -26"><span class='ocrx_word' id='word_1_408' title='bbox 325 4322 382 4369; x_wconf 86' lang='lat' dir='ltr'><strong>Ver.</strong></span> <span class='ocrx_word' id='word_1_409' title='bbox 394 4325 419 4369; x_wconf 88' lang='lat' dir='ltr'><strong>li.</strong></span> <span class='ocrx_word' id='word_1_410' title='bbox 431 4326 540 4373; x_wconf 62' lang='lat' dir='ltr'><strong>acilo.</strong></span> <span class='ocrx_word' id='word_1_411' title='bbox 941 4327 1038 4375; x_wconf 76' lang='lat' dir='ltr'><strong>discsse.</strong></span> <span class='ocrx_word' id='word_1_412' title='bbox 1072 4329 1230 4391; x_wconf 82' lang='lat' dir='ltr'><strong>Accordingly</strong></span> <span class='ocrx_word' id='word_1_413' title='bbox 1241 4332 1261 4378; x_wconf 84' lang='lat' dir='ltr'><strong>it</strong></span> <span class='ocrx_word' id='word_1_414' title='bbox 1271 4332 1368 4379; x_wconf 70' lang='lat' dir='ltr'><strong>besam</strong></span> <span class='ocrx_word' id='word_1_415' title='bbox 1388 4348 1403 4378; x_wconf 91' lang='lat' dir='ltr'><strong>a</strong></span> <span class='ocrx_word' id='word_1_416' title='bbox 1416 4332 1525 4394; x_wconf 87' lang='lat' dir='ltr'><strong>proverb,</strong></span> 
     </span>
     <span class='ocr_line' id='line_1_42' title="bbox 325 4386 1525 4459; baseline 0.011 -27"><span class='ocrx_word' id='word_1_417' title='bbox 325 4448 332 4459; x_wconf 31' lang='grc' dir='ltr'><strong>θ</strong></span> <span class='ocrx_word' id='word_1_418' title='bbox 356 4389 466 4434; x_wconf 76' lang='lat' dir='ltr'><strong>nociaco</strong></span> <span class='ocrx_word' id='word_1_419' title='bbox 475 4388 550 4449; x_wconf 64' lang='lat' dir='ltr'><strong>reia]</strong></span> <span class='ocrx_word' id='word_1_420' title='bbox 586 4388 616 4435; x_wconf 86' lang='lat' dir='ltr'><strong>‘I</strong></span> <span class='ocrx_word' id='word_1_421' title='bbox 638 4386 732 4436; x_wconf 78' lang='lat' dir='ltr'><strong>neither</strong></span> <span class='ocrx_word' id='word_1_422' title='bbox 752 4388 824 4435; x_wconf 78' lang='lat' dir='ltr'><strong>ltnorv</strong></span> <span class='ocrx_word' id='word_1_423' title='bbox 844 4389 909 4437; x_wconf 72' lang='lat' dir='ltr'><strong>what</strong></span> <span class='ocrx_word' id='word_1_424' title='bbox 941 4396 966 4438; x_wconf 85' lang='lat' dir='ltr'><strong>to</strong></span> <span class='ocrx_word' id='word_1_425' title='bbox 981 4392 1074 4453; x_wconf 78' lang='lat' dir='ltr'><strong>neglect</strong></span> <span class='ocrx_word' id='word_1_426' title='bbox 1090 4409 1105 4441; x_wconf 86' lang='lat' dir='ltr'><strong>a</strong></span> <span class='ocrx_word' id='word_1_427' title='bbox 1120 4401 1212 4456; x_wconf 76' lang='lat' dir='ltr'><strong>greater</strong></span> <span class='ocrx_word' id='word_1_428' title='bbox 1228 4395 1318 4443; x_wconf 85' lang='lat' dir='ltr'><strong>disease</strong></span> <span class='ocrx_word' id='word_1_429' title='bbox 1335 4403 1427 4444; x_wconf 85' lang='lat' dir='ltr'><strong>tocure</strong></span> <span class='ocrx_word' id='word_1_430' title='bbox 1441 4414 1455 4444; x_wconf 85' lang='lat' dir='ltr'><strong>a</strong></span> <span class='ocrx_word' id='word_1_431' title='bbox 1471 4398 1525 4445; x_wconf 81' lang='lat' dir='ltr'><strong>lesa.</strong></span> 
     </span>
     <span class='ocr_line' id='line_1_43' title="bbox 324 4449 1525 4522; baseline 0.014 -28"><span class='ocrx_word' id='word_1_432' title='bbox 324 4462 345 4494; x_wconf 80' lang='lat' dir='ltr'><strong>aa</strong></span> <span class='ocrx_word' id='word_1_433' title='bbox 359 4449 385 4495; x_wconf 89' lang='lat' dir='ltr'><strong>in</strong></span> <span class='ocrx_word' id='word_1_434' title='bbox 400 4450 442 4496; x_wconf 81' lang='lat' dir='ltr'><strong>the</strong></span> <span class='ocrx_word' id='word_1_435' title='bbox 452 4451 496 4496; x_wconf 74' lang='lat' dir='ltr'><strong>law</strong></span> <span class='ocrx_word' id='word_1_436' title='bbox 513 4452 600 4499; x_wconf 87' lang='lat' dir='ltr'><strong>nordo</strong></span> <span class='ocrx_word' id='word_1_437' title='bbox 616 4452 628 4499; x_wconf 96' lang='lat' dir='ltr'><strong>l</strong></span> <span class='ocrx_word' id='word_1_438' title='bbox 643 4453 715 4501; x_wconf 76' lang='lat' dir='ltr'><strong>know</strong></span> <span class='ocrx_word' id='word_1_439' title='bbox 725 4454 757 4501; x_wconf 84' lang='lat' dir='ltr'><strong>lta</strong></span> <span class='ocrx_word' id='word_1_440' title='bbox 768 4455 910 4503; x_wconf 81' lang='lat' dir='ltr'><strong>name—lor</strong></span> <span class='ocrx_word' id='word_1_441' title='bbox 941 4456 994 4503; x_wconf 87' lang='lat' dir='ltr'><strong>&#39;l&#39;he</strong></span> <span class='ocrx_word' id='word_1_442' title='bbox 1009 4472 1119 4519; x_wconf 83' lang='lat' dir='ltr'><strong>passages</strong></span> <span class='ocrx_word' id='word_1_443' title='bbox 1137 4459 1213 4505; x_wconf 70' lang='lat' dir='ltr'><strong>which</strong></span> <span class='ocrx_word' id='word_1_444' title='bbox 1230 4460 1326 4522; x_wconf 75' lang='lat' dir='ltr'><strong>explain</strong></span> <span class='ocrx_word' id='word_1_445' title='bbox 1343 4461 1386 4509; x_wconf 81' lang='lat' dir='ltr'><strong>the</strong></span> <span class='ocrx_word' id='word_1_446' title='bbox 1401 4462 1468 4510; x_wconf 77' lang='lat' dir='ltr'><strong>word</strong></span> <span class='ocrx_word' id='word_1_447' title='bbox 1485 4477 1525 4509; x_wconf 83' lang='lat' dir='ltr'><strong>are</strong></span> 
     </span>
     <span class='ocr_line' id='line_1_44' title="bbox 324 4512 1237 4574; baseline 0.012 -15"><span class='ocrx_word' id='word_1_448' title='bbox 324 4512 383 4573; x_wconf 78' lang='lat' dir='ltr'><strong>they</strong></span> <span class='ocrx_word' id='word_1_449' title='bbox 403 4514 516 4574; x_wconf 77' lang='lat' dir='ltr'><strong>aaythat</strong></span> <span class='ocrx_word' id='word_1_450' title='bbox 537 4516 558 4562; x_wconf 88' lang='lat' dir='ltr'><strong>it</strong></span> <span class='ocrx_word' id='word_1_451' title='bbox 578 4516 599 4563; x_wconf 88' lang='lat' dir='ltr'><strong>ia</strong></span> <span class='ocrx_word' id='word_1_452' title='bbox 620 4516 688 4565; x_wconf 70' lang='lat' dir='ltr'><strong>thara</strong></span> <span class='ocrx_word' id='word_1_453' title='bbox 709 4518 821 4565; x_wconf 68' lang='lat' dir='ltr'><strong>written!</strong></span> <span class='ocrx_word' id='word_1_454' title='bbox 863 4520 909 4567; x_wconf 80' lang='lat' dir='ltr'><strong>See</strong></span> <span class='ocrx_word' id='word_1_455' title='bbox 941 4520 1237 4570; x_wconf 67' lang='lat' dir='ltr'><strong>cohortedinllorcelllni.</strong></span> 
     </span>
    </p>
   </div>
   <div class='ocr_carea' id='block_1_5' title="bbox 0 0 1765 5325">
    <p class='ocr_par' dir='ltr' id='par_1_7' title="bbox 0 0 1765 5325">
     <span class='ocr_line' id='line_1_45' title="bbox 0 0 1765 5325; baseline 0 0"><span class='ocrx_word' id='word_1_456' title='bbox 0 0 1765 5325; x_wconf 95' lang='lat' dir='ltr'><strong> </strong></span> 
     </span>
    </p>
   </div>
  </div>
 </body>
</html>
