3517 5325
590 511 769 579 ΗΑΒΙΤΟ
793 511 896 580 ΟΑΡ.
919 515 1055 582 55-57.
1361 517 1426 588 357

221 683 322 770 plebis
336 681 534 760 restiterunt,
552 705 649 768 quum
663 683 714 748 ille
728 681 806 748 nihil
821 683 909 749 aliud
929 692 1040 771 ageret
1055 707 1129 751 cum
1142 685 1196 750 illa
1210 694 1329 755 cuncta
1343 709 1424 776 quas

220 787 291 846 tum
300 789 369 846 erat
378 781 553 860 nobilitate,
567 781 629 846 nisi
643 789 680 846 ut
693 781 714 845 ii
725 781 778 867 qui
793 803 845 846 res
856 783 1063 867 judicassent,
1074 785 1294 868 hujuscemodi
1310 810 1423 873 quaes-

220 879 363 944 tionibus
392 879 424 942 in
450 879 613 964 judicium,
642 885 839 944 vocarentur.
886 879 978 946 Tunc
1003 880 1040 946 (l.
1065 881 1197 947 Flavius
1227 883 1336 963 Pusio,
1365 883 1424 950 On.

222 975 383 1041 Titinnius
410 977 446 1042 O.
464 977 645 1056 Maecenas,
661 977 714 1041 illa
729 978 844 1042 robora
866 979 974 1063 populi
997 979 1142 1055 Romani,
1158 980 1319 1067 ceterique
1340 982 1425 1067 ejus·

221 1074 294 1138 dem
318 1074 445 1153 ordinis,
471 1097 534 1138 uon
557 1075 701 1140 lecerunt
720 1075 804 1139 idem
831 1076 916 1160 quod
939 1098 1022 1141 nunc
1046 1076 1222 1155 (lluentius,
1247 1085 1285 1144 ut
1307 1079 1425 1164 aliquid

220 1172 332 1256 culpae
343 1171 502 1257 suscipere
513 1193 548 1235 se
558 1179 709 1258 putarent
720 1173 907 1252 recusando,
917 1174 974 1238 sed
985 1174 1183 1260 apertissime
1194 1185 1422 1262 repugnarunt,

221 1291 319 1354 quum
333 1269 412 1334 haec
427 1277 610 1335 recusarent
631 1277 667 1336 et
688 1269 792 1356 palam
807 1269 979 1335 fortissime
992 1279 1089 1358 atque
1103 1272 1325 1338 honestissime
1339 1274 1423 1338 dice-

219 1375 294 1432 rent
308 1389 342 1431 se
357 1366 501 1452 potuisse
512 1367 633 1451 judicio
649 1367 755 1453 populi
778 1367 915 1432 Romani
937 1368 970 1432 in
984 1369 1212 1455 amplissimum
1233 1369 1338 1434 locum
1351 1393 1423 1456 per·

220 1465 338 1543 venire,
355 1465 382 1529 si
397 1487 456 1530 sua
469 1465 578 1530 studia
591 1466 632 1529 ad
647 1467 784 1530 honores
803 1467 960 1552 petendos
975 1467 1119 1532 conferre
1133 1467 1327 1544 voluisseut3
1352 1490 1423 1534 seso

219 1563 335 1628 vidisse
351 1563 384 1626 in
399 1584 437 1628 ea
451 1562 518 1626 vita
542 1563 644 1648 qualis
667 1563 816 1650 splendor
838 1563 969 1639 inesset,
984 1573 1104 1650 quauta
1127 1572 1324 1646 ornamenta,
1341 1585 1423 1652 quae

220 1659 379 1746 dignitas;
413 1680 492 1747 quae
516 1682 551 1724 se
576 1683 640 1725 non
667 1661 904 1747 contempsisse
931 1663 988 1727 sed
1014 1663 1126 1727 ordine
1152 1685 1211 1728 suo
1234 1670 1423 1750 patrumque

218 1779 349 1822 suorum
365 1765 536 1824 contentos
550 1757 656 1836 luisse,
672 1766 706 1824 et
721 1758 820 1824 vitam
837 1759 922 1823 illam
943 1761 1144 1846 tranquillam
1159 1768 1193 1824 et
1207 1763 1356 1846 quietam,
1373 1785 1422 1827 re-

218 1864 340 1921 motam
354 1879 375 1921 a
388 1856 535 1942 procellis
549 1855 735 1920 invidiarum
749 1861 784 1921 et
805 1857 1025 1942 hujuscemodi
1044 1857 1236 1942 judiciorum
1251 1858 1340 1944 sequi
1356 1881 1421 1923 ma·

219 1953 332 2019 luisse:
361 1961 418 2018 aut
442 1953 503 2020 sibi
526 1954 567 2017 ad
590 1954 725 2018 honores
752 1957 909 2040 petendos
931 1963 1078 2021 aetatem
1106 1955 1265 2042 integram
1295 1955 1422 2022 restitui
1512 2001 1526 2016 .

219 2060 376 2138 oportere,
393 2060 459 2130 aut,
476 2051 622 2138 quoniam
645 2051 676 2116 id
699 2074 762 2116 non
777 2059 895 2138 posset,
912 2075 983 2118 sam
998 2052 1213 2118 conditionem
1227 2052 1313 2118 vitae
1326 2075 1422 2138 quam

218 2150 320 2214 secuti
335 2149 523 2235 petitionem
537 2148 737 2234 reliquissent
751 2171 898 2214 manere:
922 2149 1064 2237 iniquum
1085 2173 1157 2215 esse
1179 2151 1302 2236 eosqui
1324 2151 1421 2215 hono-

218 2269 289 2310 rum
304 2257 490 2312 ornamenta
501 2254 633 2332 propter
648 2247 859 2332 periculorum
870 2247 1109 2312 multitudinem
1123 2247 1420 2334 praetermisissent,

218 2343 325 2428 populi
349 2344 511 2408 beneficiis
535 2365 604 2408 esse
627 2343 777 2429 privatos
801 2344 993 2428 judiciorum
1014 2367 1167 2409 novorum
1188 2344 1336 2430 periculis
1357 2367 1421 2408 non

218 2462 344 2516 carere;
369 2449 550 2506 senatorem
572 2442 632 2504 boc
653 2440 742 2526 queri
762 2462 826 2504 non
840 2462 943 2525 posse,
959 2449 1130 2527 propterea
1149 2441 1234 2526 quod
1256 2462 1294 2504 ea
1315 2440 1421 2504 condi·

220 2537 308 2603 tione
331 2539 493 2624 proposita
519 2543 627 2622 petere
653 2537 820 2622 coepisset,
846 2537 993 2622 quodque
1016 2537 1175 2621 permulta
1197 2544 1307 2602 esseut
1331 2558 1422 2602 orua-

217 2644 327 2701 menta
352 2636 466 2720 quibus
492 2655 561 2699 eam
588 2632 736 2721 mitigare
761 2632 940 2699 molestiam
964 2640 1083 2719 posset,
1109 2633 1208 2714 locus,
1235 2635 1419 2716 auctoritas,

217 2733 303 2799 domi
319 2732 475 2819 splendor,
492 2732 576 2817 apud
592 2738 720 2796 exteras
741 2730 889 2795 nationes
907 2752 1022 2794 nomeu
1043 2736 1078 2795 et
1098 2731 1214 2817 gratia,
1230 2738 1309 2816 toga
1329 2753 1421 2817 prae·

216 2840 317 2909 texta
334 2830 411 2895 sella
433 2828 560 2908 curulis,
576 2828 721 2915 insignia,
738 2830 851 2907 fasces,
868 2828 1040 2903 exercitus,
1055 2827 1197 2913 imperia,
1217 2828 1417 2914 provinciae;

218 2930 333 3015 quibus
347 2929 380 2991 in
394 2928 490 2992 rebus
512 2948 609 3013 quum
631 2948 755 2991 summa
774 2933 862 2991 recte
885 2926 978 2989 sactis
999 2926 1137 3009 majores
1150 2926 1253 2991 nostri
1267 2926 1417 3011 praemia,

216 3034 287 3093 tum
301 3026 392 3112 plura
406 3025 549 3111 peccatis
564 3023 703 3110 pericula
718 3024 885 3110 proposita
898 3045 970 3089 esse
984 3023 1161 3089 voluerunt.
1208 3022 1258 3087 Illi
1279 3045 1342 3087 nou
1357 3025 1419 3090 hoc

217 3125 417 3202 recusabant,
434 3146 473 3188 ue
489 3146 527 3187 ea
548 3124 619 3209 lege
641 3128 867 3187 accusarentur
886 3144 949 3207 qna
970 3142 1054 3185 nunc
1077 3120 1220 3186 Habitus
1240 3128 1418 3197 coematur,

217 3244 299 3309 quae
313 3229 389 3286 tunc
405 3228 476 3287 erat
492 3219 687 3307 Sempronia,
698 3242 782 3284 nunc
797 3226 848 3283 est
863 3218 1030 3296 Cornelia,
1052 3218 1273 3305 intelligebant
1287 3218 1371 3283 enim
1381 3240 1420 3284 ea

217 3319 288 3404 lege
303 3326 482 3405 equestrem
497 3320 639 3385 ordinem
654 3340 718 3383 non
733 3316 854 3393 teneri;
878 3319 936 3381 aed
954 3339 995 3381 ns
1016 3338 1100 3381 nora
1120 3316 1192 3404 legs
1212 3317 1421 3405 alligarentur

217 3419 412 3484 laborabant.
459 3418 601 3483 Habitus
616 3440 656 3485 ne
671 3418 732 3483 hoc
747 3416 875 3503 quidem
890 3438 1040 3502 umquam
1061 3416 1221 3482 recusavit
1236 3438 1300 3502 quo
1314 3416 1419 3480 minus

217 3516 265 3583 vel
281 3538 319 3581 ea
340 3516 409 3601 lege
424 3516 580 3581 rationem
594 3517 678 3581 vitae
692 3538 769 3581 suas
783 3515 933 3580 redderet
947 3536 1010 3600 qua
1023 3536 1087 3579 non
1101 3521 1241 3579 tenetur.
1287 3512 1419 3595 Quassi

217 3615 306 3679 vobis
321 3614 459 3677 conditio
481 3614 595 3699 placet,
611 3635 720 3678 omnes
743 3612 776 3677 id
799 3634 933 3699 agamus
955 3620 994 3677 ut
1016 3612 1094 3678 haee
1117 3634 1213 3699 quam
1235 3612 1371 3698 primum
1385 3611 1419 3675 in

216 3732 327 3777 omnes
342 3710 469 3774 ordines
484 3710 627 3795 quaestio
642 3711 829 3795 perferatur.

263 3806 375 3871 LVII.
400 3806 529 3871 Interea
558 3806 694 3892 quidem,
720 3828 776 3891 per
800 3808 877 3871 deos
901 3806 1105 3885 immortales,
1136 3804 1285 3893 qnoniam
1313 3804 1419 3871 omnia

217 3906 383 3973 commoda
408 3912 527 3981 nostra,
550 3904 634 3989 jura,
660 3904 853 3979 libertatem,
877 3903 1014 3969 salutem
1037 3903 1172 3989 denique
1191 3902 1313 3987 legibus
1335 3900 1417 3965 obti-

216 4026 337 4082 nemus,
354 4026 375 4067 a
388 4002 511 4087 legibus
525 4024 588 4065 non
603 4000 808 4076 rsoedamus;
832 4000 926 4065 simul
946 4009 981 4066 et
999 4000 1076 4064 illud
1099 4022 1193 4086 quam
1218 4000 1262 4064 sit
1276 4000 1418 4085 iniquum

248 4152 318 4215 orit]
337 4151 390 4200 'l'ha
405 4149 478 4198 MSS.
490 4147 678 4213 hara⁴utiqua.'
712 4148 799 4199 ‘Util
831 4141 1289 4235 whichisgensrallpprintedbatwasu
1301 4146 1416 4208 ‘indiso-

215 4218 267 4283 ιιι·
280 4218 300 4266 ιι
313 4215 557 4265 unmsoemcuon.
831 4214 1049 4276 mm’moaqu,
1068 4212 1258 4275 ωιιιοιςιιω
1268 4210 1415 4270 aomar,

214 4276 800 4397 ocutus-u
831 4279 1061 4392 uren
1072 4276 1409 4391 ¹usucruru

215 4362 387 4470 oemdidii'pdbt
402 4360 641 4472 iigehuhh'foim}
666 4408 708 4457 tha
730 4360 800 4457 albor
832 4408 898 4456 Post
910 4358 984 4464 cilio
1191 4356 1209 4405 p
1409 4374 1416 4389 ι

214 4478 289 4526 MSS.
302 4474 498 4538 ‘hujuscemodi'
531 4473 630 4523 Clauso
646 4474 724 4521 would
738 4473 799 4521 bava
863 4472 1089 4535 qsamrmar]
1103 4471 1159 4522 Μ’.
1175 4470 1419 4533 Tharsisarsdtog

214 4544 395 4605 ‘aquamque
413 4538 519 4599 ordinis,'
543 4539 590 4586 and
607 4538 689 4587 Baiter
704 4542 799 4601 accepts
832 4541 896 4603 ‘qua
904 4536 1106 4587 rossam:

213 4606 272 4655 thir.
313 4608 412 4657 Claram
433 4604 491 4655 dosa
512 4607 557 4654 not
581 4603 630 4653 like
657 4603 798 4663 ‘mbram'
