3517 5325
305 469 369 538 272
521 466 656 533 ORAT.
680 464 743 530 DE
769 461 973 528 IMPERIO
996 459 1067 527 ΟΝ.
1092 458 1296 524 ΡΟΜΡΕΙΙ

306 643 385 707 velle
411 639 584 706 dixerunt?
636 633 721 718 Quid
743 635 827 700 idem
850 633 912 698 iste
938 631 1156 705 Mithridates,
1178 651 1283 694 nonne
1306 631 1348 694 ad
1371 631 1511 694 eundem

307 739 366 804 On.
386 738 574 825 Pompeium
599 736 740 819 legatum
767 755 866 818 usque
896 731 929 794 in
956 730 1148 815 Hispaniam
1174 729 1285 793 misit?
1315 751 1390 793 eum
1415 753 1510 815 quem

307 836 480 922 Pompeius
495 835 635 918 legatum
648 853 773 918 semper
792 829 956 914 judicarit,
972 828 1004 904 ii,
1021 829 1136 912 quibus
1157 835 1227 891 erat
1249 849 1376 912 semper
1396 829 1509 891 moles-

306 943 376 999 tum
391 935 431 997 ad
447 955 519 997 eum
534 931 734 1016 potissimum
749 950 820 993 esse
834 927 975 1000 missum,
995 927 1226 1012 speculatorem
1248 947 1346 1010 quem
1366 926 1511 1010 legatum

302 1031 441 1118 judicari
455 1023 645 1093 maluerunt.
691 1026 834 1091 Potestis
848 1025 947 1110 igitur
957 1026 1025 1108 jam
1040 1024 1245 1102 constituere,
1260 1022 1411 1102 Quirites,
1427 1024 1510 1087 hanc

307 1125 534 1190 auctoritatem
547 1122 657 1186 multis
670 1120 894 1208 postea'rebus
915 1119 1018 1204 gestis
1039 1117 1226 1202 magnisque
1246 1117 1361 1181 vestris
1381 1117 1510 1201 judiciis

307 1225 543 1310 amplificatam,
571 1227 727 1306 qua-ntum
757 1219 843 1302 apud
866 1216 937 1280 illos
959 1237 1062 1302 reges,
1087 1223 1242 1300 quantum
1267 1215 1353 1300 apud
1381 1223 1511 1280 exteras

307 1323 454 1386 nationes
468 1319 637 1384 valituram
652 1337 722 1381 esse
737 1313 938 1379 existimetis.

352 1419 520 1503 Reliquum
543 1422 595 1480 est
617 1421 655 1479 ut
678 1415 718 1477 de
740 1412 905 1488 felicitate,
921 1432 1016 1496 quam
1037 1416 1201 1496 praestare
1221 1410 1261 1473 de
1281 1432 1317 1474 se
1331 1409 1401 1495 ipso
1415 1433 1510 1476 nemo

307 1525 425 1604 potest,
435 1514 614 1580 meminisse
625 1519 658 1576 et
669 1531 916 1575 commemorare
927 1510 967 1572 de
978 1509 1079 1572 altero
1090 1529 1268 1594 possumus,
1279 1509 1365 1573 sicut
1375 1531 1511 1594 aequum

309 1623 360 1681 est
374 1613 517 1678 homines
541 1613 581 1675 de
604 1617 769 1694 potestate
792 1609 933 1684 deorum,
950 1606 1061 1670 timide
1076 1615 1111 1671 et
1124 1628 1227 1691 pauca
1240 1606 1392 1671 dicamus.
1437 1607 1511 1692 Ego

309 1713 393 1778 euim
415 1712 461 1775 sic
483 1709 650 1774 existimo:
678 1703 833 1784 Maximo,
857 1703 1022 1782 Marcello,
1041 1703 1191 1789 Scipioni,
1210 1704 1328 1783 Mario,
1344 1712 1380 1768 et
1394 1706 1512 1769 ceteris

308 1809 433 1894 magnis
461 1805 714 1892 imperatoribus,
744 1826 808 1868 non
837 1803 940 1867 solum
969 1813 1100 1888 propter
1133 1803 1285 1867 virtutem
1319 1802 1378 1866 sed
1412 1801 1512 1866 etiam

308 1892 439 1992 propter
463 1905 622 1968 fortunam
647 1901 774 1986 saepius
797 1900 931 1985 imperia
955 1901 1107 1964 mandata
1131 1907 1231 1985 atque
1260 1901 1418 1965 exercitus
1439 1921 1511 1962 esse

310 2003 504 2068 commissos.
551 2001 629 2065 Fuit
643 2001 726 2064 enim
740 1998 886 2084 prolecto
905 1999 1096 2084 quibusdam
1117 1999 1250 2064 summis
1264 1999 1341 2063 viris
1355 1999 1512 2084 quaedam

308 2103 350 2166 ad
369 2100 608 2186 amplitudinem
629 2104 663 2161 et
684 2097 726 2160 ad
745 2096 880 2182 gloriam
903 2105 937 2160 et
960 2097 1001 2160 ad
1025 2117 1077 2160 res
1098 2117 1233 2182 magnas
1255 2098 1335 2161 bene
1355 2097 1513 2181 gerendas

309 2199 461 2264 divinitus
483 2197 635 2281 adjuncta
657 2196 805 2259 fortuna:
830 2194 870 2257 de
890 2193 986 2278 hujus
1005 2201 1113 2257 autem
1135 2194 1272 2258 hominis
1292 2193 1454 2272 felicitate,
1471 2194 1512 2258 de

310 2319 374 2382 quo
397 2318 481 2359 nunc
504 2294 637 2377 agimus,
659 2293 719 2357 hac
742 2300 816 2357 utar
837 2291 1055 2355 moderatione
1078 2291 1212 2369 dicendi,
1236 2313 1300 2356 non
1319 2292 1407 2356 utin
1430 2292 1514 2355 illius

309 2403 471 2483 potestate
494 2395 655 2458 fortunam
678 2393 815 2478 positam
837 2413 907 2456 esee
928 2391 1041 2471 dicam,
1065 2394 1122 2456 sed
1143 2398 1181 2456 ut
1204 2393 1379 2478 praeterita
1403 2395 1512 2457 merni-

309 2493 404 2569 nisse,
429 2493 550 2578 reliqua
572 2513 701 2577 sperare
724 2490 895 2563 videamur,
920 2511 961 2552 ue
989 2499 1047 2554 aut
1070 2491 1173 2554 invisa
1195 2491 1256 2555 diis
1279 2491 1514 2556 immortalibus

310 2591 412 2655 oratio
435 2600 545 2654 nostra
559 2597 616 2654 aut
630 2589 758 2675 ingrata
778 2609 849 2652 esse
865 2587 1019 2651 videatur.
1072 2587 1187 2673 Itaque
1208 2611 1273 2652 nou
1296 2611 1368 2653 sum
1390 2591 1514 2675 praedi·

310 2698 440 2754 ceturus
466 2696 604 2774 quantas
625 2687 676 2751 ille
702 2709 753 2751 res
775 2686 858 2749 domi
881 2684 1022 2764 militiae,
1048 2693 1135 2750 terra
1156 2688 1307 2772 marique,
1333 2696 1513 2773 quantaque

308 2788 463 2853 felicitate
487 2786 646 2871 gesserit;
682 2792 719 2849 ut
742 2785 812 2869 ejus
835 2805 961 2868 semper
981 2784 1198 2849 voluntatibus
1219 2806 1282 2849 non
1307 2786 1404 2850 modo
1428 2786 1515 2850 cives

308 2886 514 2964 assenserint,
531 2885 608 2949 socii
624 2882 885 2969 obtemperarint,
901 2883 1011 2946 hostes
1030 2883 1219 2959 obedierint,
1235 2886 1292 2949 sed
1314 2886 1413 2949 etiem
1427 2885 1514 2949 renti

309 2992 582 3069 tempestatesque
608 2981 865 3045 obsecundarint.
910 2980 985 3045 Hoc
1011 2981 1194 3046 brevissime
1216 2983 1330 3059 dicam,
1356 2983 1515 3048 neminem

310 3078 461 3167 uniquam
483 3088 551 3144 tem
575 3078 791 3162 impudentem
805 3078 903 3142 fuisse
918 3079 973 3163 qui
999 3079 1041 3141 ab
1065 3079 1126 3143 diis
1151 3080 1382 3145 immortalibus
1403 3089 1454 3146 tot
1479 3090 1515 3145 et

310 3186 419 3245 tantas
433 3194 486 3241 res
501 3176 620 3241 tacitus
634 3176 767 3239 auderet
781 3183 902 3260 optare,
918 3184 996 3260 quot
1010 3183 1044 3241 et
1058 3184 1196 3262 quantas
1210 3179 1254 3242 dii
1265 3179 1458 3245 immortales
1471 3180 1516 3245 ad

312 3277 371 3341 Gn.
388 3274 576 3359 Pompeium
600 3273 793 3337 detulerunt.
840 3272 934 3353 Quod
956 3282 994 3338 ut
1015 3273 1060 3337 illi
1080 3276 1243 3361 proprium
1265 3299 1303 3341 ac
1325 3284 1515 3362 perpetuum

344 3432 463 3495 tequam]
484 3431 609 3479 Drumann
621 3430 898 3494 obserree(Geschichte
961 3433 1075 3480 Maximo
1087 3434 1144 3496 dec]
1164 3434 1205 3482 Hs
1215 3435 1236 3482 is
1252 3436 1368 3498 speaking
1382 3436 1411 3484 oi
1424 3436 1456 3490 Q.
1468 3436 1516 3485 Fa·

312 3498 397 3553 Roms,
410 3496 441 3543 iv.
451 3512 475 3558 p.
486 3497 561 3553 416):
579 3500 594 3523 “
605 3496 694 3544 Notio
708 3496 823 3544 Metellus
831 3497 896 3553 Pius,
929 3496 984 3544 biua
1012 3497 1135 3546 Maximus
1162 3500 1302 3554 Cunctator,
1328 3501 1383 3549 who
1409 3502 1516 3550 checked

311 3563 354 3610 the
371 3560 440 3608 other
459 3560 613 3608 commender
631 3562 656 3607 in
674 3560 716 3609 the
735 3572 782 3607 war
803 3562 897 3622 against
928 3561 1035 3609 Annibal
1057 3562 1090 3626 by
1109 3564 1147 3611 his
1171 3564 1307 3625 prudenoe3
1335 3564 1372 3614 M.
1400 3566 1515 3614 Claudius

312 3625 438 3683 Sertorius,
461 3624 541 3673 whose
567 3625 704 3687 reputation
726 3626 898 3687 consequeutly
930 3626 1067 3684 Marcellus,
1084 3628 1139 3675 who
1153 3630 1207 3676 first
1226 3629 1321 3677 shewed
1338 3632 1394 3678 that
1409 3630 1516 3678 Annibal

312 3706 361 3739 was
377 3690 433 3738 lese.
467 3690 497 3737 ln
513 3688 583 3737 order
600 3696 626 3737 to
643 3690 698 3751 gain
714 3690 757 3737 the
772 3689 857 3738 favour
870 3690 900 3739 oi
929 3705 978 3738 was
987 3695 1031 3737 not
1041 3692 1177 3752 invincible‚
1191 3693 1239 3740 and
1250 3694 1277 3741 P.
1289 3695 1415 3744 Cornelius
1426 3696 1516 3757 Sdpio,

311 3756 354 3805 the
375 3754 461 3817 people
477 3755 525 3802 and
548 3755 612 3805 their
630 3754 754 3811 revomis,
774 3754 858 3803 Cicero
875 3756 897 3802 ir
929 3756 972 3803 the
988 3770 1034 3802 son
1049 3756 1078 3803 oi
1094 3756 1190 3814 Paulus,
1206 3758 1333 3821 probably,
1347 3760 1395 3806 and
1411 3766 1457 3808 not
1472 3760 1517 3807 tha

312 3836 385 3869 never
404 3820 465 3869 tired
482 3820 511 3868 ol'
525 3820 647 3879 attacking
669 3818 711 3865 the
727 3820 781 3867 first
799 3834 855 3867 men
871 3820 897 3867 in
929 3819 999 3867 other
1010 3819 1090 3881 Scipio
1099 3822 1257 3885 (Μαιιιιῐίιιι).
1282 3823 1446 3873 Mariusiac.
1458 3825 1515 3872 Ma-

313 3887 398 3943 Rome,
420 3901 435 3933 a
452 3885 555 3932 conduct
577 3884 655 3931 which
676 3882 734 3931 bore
753 3884 803 3931 him
823 3884 897 3931 bitter
928 3884 987 3941 rius,
998 3882 1041 3932 the
1051 3900 1184 3947 conqueror
1197 3886 1226 3934 of
1239 3890 1283 3935 the
1300 3888 1393 3936 Cimbri
1408 3890 1457 3936 and
1473 3890 1516 3936 the

311 3950 378 3999 h'uit.
411 3950 464 3999 The
474 3950 523 3997 fact
533 3949 605 4006 itssli,
614 3948 730 4005 however,
742 3949 762 3995 ia
773 3964 804 3995 an
813 3949 898 3996 inven-
929 3948 1059 4005 Teutones,
1068 3950 1123 3997 who
1130 3966 1197 3999 came
1204 3952 1267 3999 hom
1274 3952 1402 4015 Arpinum,
1410 3953 1516 4002 Cicero's

312 4016 373 4073 tion,
392 4030 420 4063 or
437 4016 457 4062 it
471 4016 491 4063 is
508 4013 642 4075 perverted.
675 4012 810 4073 According
826 4017 852 4060 to
865 4013 898 4059 all
930 4014 1010 4061 native
1020 4014 1096 4076 place.

312 4081 383 4128 other
393 4084 507 4127 accounts
524 4078 678 4125 Mithridates
691 4078 825 4139 negotiaied
841 4078 899 4124 with
964 4078 1125 4141 detulerunt]
1145 4078 1198 4127 The
1218 4082 1318 4143 reading
1334 4081 1363 4129 of
1377 4082 1419 4129 the
1437 4081 1517 4130 better

314 4145 441 4199 Sertorius
452 4150 503 4192 ,not
519 4142 577 4189 with
599 4139 753 4203 Pompeius.'
778 4142 824 4188 We
841 4156 897 4203 may
930 4142 1004 4189 MSS.
1036 4142 1153 4191 Tharais
1175 4160 1190 4191 a
1207 4145 1307 4207 reading
1328 4145 1516 4203 ‘contulerunt’

312 4214 339 4257 at
349 4214 413 4256 most
423 4207 499 4255 admit
510 4207 563 4253 that
573 4206 706 4267 Pompeius
718 4206 807 4267 caught
823 4221 838 4253 a
854 4221 898 4267 spy
930 4207 1007 4254 which
1017 4208 1076 4255 with
1088 4207 1148 4255 ‘ad’
1161 4210 1224 4257 atter
1239 4211 1260 4257 it
1274 4211 1296 4257 is
1312 4217 1355 4258 not
1371 4212 1415 4258 the
1428 4226 1518 4272 proper

312 4274 340 4321 of
353 4274 395 4319 the
412 4272 505 4331 kingin
523 4271 561 4318 his
578 4286 656 4331 camp,
668 4270 898 4332 andoutofranity
930 4272 1000 4318 form,
1035 4272 1324 4335 ‘Deferre'isusedjust
1333 4276 1376 4322 the
1387 4290 1453 4322 same
1464 4290 1517 4336 way

312 4337 383 4384 uude
393 4337 435 4383 the
443 4340 555 4397 pretence
565 4336 593 4383 of
601 4335 719 4397 believing
729 4336 783 4382 that
789 4336 831 4383 the
842 4350 898 4382 man
930 4337 956 4383 in
967 4336 1009 4384 the
1018 4345 1078 4385 next
1088 4338 1200 4400 chaptarr
1219 4344 1235 4367 ⁴¹
1244 4340 1287 4386 sed
1301 4339 1331 4386 ad
1347 4354 1423 4387 unum
1434 4344 1518 4386 marcu

312 4400 548 4449 hadacommission
565 4405 592 4447 to
608 4399 683 4448 bim.''
716 4400 776 4448 'I'his
790 4400 811 4447 is
827 4416 842 4448 a
858 4415 899 4447 cu·
931 4400 1013 4448 omnia
1034 4402 1127 4449 dotem
1148 4418 1198 4450 non
1218 4402 1465 4465 oportere.”-⁴relle
1491 4411 1519 4453 ct

312 4466 378 4513 ricus
390 4480 439 4527 way
451 4464 479 4513 ol
489 4465 583 4527 writing
594 4465 701 4527 histum
723 4465 768 4513 but
786 4465 807 4513 it
821 4466 842 4513 ia
857 4465 900 4514 the
931 4466 1038 4528 optarez'
1055 4482 1096 4514 aee
1106 4468 1163 4515 Vot
1174 4467 1196 4516 Ι.
1207 4468 1289 4516 Dirin.
1301 4484 1323 4517 c.
1334 4469 1359 4524 7.
1370 4473 1436 4516 note.

313 4545 365 4591 way
377 4544 438 4576 now.
