3517 5325
692 474 796 540 cAP.
821 477 959 542 12—14.
1365 481 1428 551 17⁷

218 642 262 707 ad
278 641 464 729 Apollinem
480 641 635 728 Pythium
648 651 746 731 atque
767 647 809 709 ad
831 647 992 712 oraculum
1015 647 1101 713 orbis
1123 655 1228 715 terrae
1247 652 1426 718 vexandum

217 763 258 806 ao
276 741 476 827 spoliandum
498 743 661 827 proiectae
688 751 774 808 suut.
818 746 874 809 Ab
898 745 1010 810 iisdem
1033 746 1184 832 gentibus
1199 750 1321 814 sanetis
1335 756 1370 814 et
1392 751 1425 814 in

217 839 404 904 testimonio
430 838 587 925 religiosis
607 843 771 906 obsessum
795 842 987 929 Capitolium
1011 851 1061 908 est
1084 851 1181 931 atque
1205 845 1256 910 ille
1282 847 1422 934 Jupiter,

218 937 312 1020 eujus
334 937 461 1001 nomine
486 939 624 1023 majores
652 939 753 1004 nostri
777 940 917 1006 vinctam
946 941 1200 1008 testimoniorum
1229 945 1324 1008 fidem
1353 967 1424 1010 esse

217 1036 397 1099 voluerunt.
443 1034 617 1100 Postremo
631 1037 682 1100 his
696 1038 869 1123 quidquam
893 1051 1040 1104 sanetum
1063 1061 1101 1104 ao
1126 1040 1305 1125 religiosum
1325 1041 1424 1106 videri

216 1141 337 1218 potest,
353 1133 417 1218 qui,
434 1133 580 1198 etiamsi
606 1136 732 1220 quando
755 1135 860 1223 aliquo
885 1144 974 1201 metu
998 1137 1129 1204 adducti
1154 1140 1231 1203 deos
1252 1139 1423 1224 placandos

217 1253 290 1296 esse
304 1231 511 1309 arbitrantur,
535 1232 683 1296 humanis
701 1233 817 1298 hostiis
839 1256 950 1298 eorum
973 1257 1046 1300 aras
1060 1257 1098 1300 aa
1115 1236 1232 1322 templa
1246 1237 1421 1316 funestant,

216 1337 256 1394 ut
270 1351 310 1392 ue
324 1328 507 1414 religionem
521 1330 647 1416 quidem
662 1332 766 1396 aolere
781 1333 913 1418 possint,
925 1333 985 1397 nisi
1000 1355 1069 1397 eam
1085 1333 1186 1419 ipsam
1201 1333 1289 1420 prius
1303 1334 1422 1399 scelere

216 1427 383 1493 violarint!
428 1427 508 1508 Quis
530 1428 615 1492 enim
638 1428 768 1515 ignorat
791 1451 847 1494 eos
868 1452 969 1516 usquo
992 1432 1034 1495 ad
1060 1432 1142 1495 hane
1171 1433 1255 1496 diem
1281 1433 1421 1498 retinere

215 1525 301 1590 illam
325 1525 494 1590 immanem
516 1549 557 1590 aa
586 1527 753 1591 barbaram
779 1529 1039 1594 consuetudinem
1068 1529 1230 1595 hominum
1260 1531 1422 1594 immolan-

217 1623 353 1688 dorum?
398 1625 620 1706 Quamobrem,
637 1626 722 1710 quali
743 1625 816 1702 lide,
832 1626 917 1712 quali
939 1626 1061 1712 pietate
1075 1627 1266 1692 existimatis
1281 1649 1352 1692 esse
1367 1650 1422 1692 eos

215 1721 272 1807 qui
285 1721 382 1786 etiam
397 1723 474 1788 deos
488 1723 684 1788 immortales
697 1724 894 1789 arbitrentur
908 1725 1070 1788 hominum
1084 1725 1204 1790 scelere
1219 1733 1253 1790 et
1268 1726 1421 1811 sanguine

214 1819 362 1884 facillime
376 1841 472 1905 posse
487 1820 627 1905 placarii
671 1822 752 1887 Cum
774 1822 825 1887 bis
838 1845 896 1887 vos
919 1823 1057 1888 testibus
1081 1833 1219 1888 vestram
1238 1823 1421 1910 religionem

215 1918 438 2003 conjungetis!
459 1919 502 1982 ab
520 1919 571 1984 bis
595 1919 765 2006 quidquam
789 1931 900 1986 sanate
919 1929 976 1986 aut
999 1921 1163 1986 moderate
1187 1921 1307 1986 dictum
1329 1929 1421 2007 puta-
1501 1939 1506 1950 ·

215 2015 313 2080 bitis!
344 2015 418 2080 Hoe
429 2027 555 2082 vestrae
568 2025 693 2082 mentes
706 2026 774 2082 tam
789 2026 907 2096 castae,
919 2027 987 2084 tam
1002 2019 1146 2104 integrae
1161 2018 1221 2083 sibi
1236 2017 1419 2103 suscipient,

214 2119 263 2188 ut,
279 2135 375 2198 quum
389 2136 499 2179 omnes
516 2113 616 2200 legati
639 2116 741 2180 uestri
763 2116 817 2202 qui
832 2117 885 2182 illo
900 2117 1038 2181 triennio
1053 2115 1085 2179 in
1102 2115 1238 2180 Galliam
1254 2125 1419 2192 venerunt,

216 2233 326 2276 omues
339 2212 464 2298 equites
479 2213 615 2278 Romani
630 2213 684 2300 qui
698 2214 732 2277 in
746 2215 800 2279 illa
813 2215 975 2301 provincia
990 2215 1128 2290 luerunt,
1146 2235 1256 2278 omnes
1276 2215 1420 2299 negotia-

215 2317 304 2374 tores
317 2311 387 2395 ejus
400 2311 591 2397 provinciae,
607 2312 742 2398 denique
760 2335 871 2377 omnes
893 2311 926 2374 in
942 2311 1046 2375 Gallia
1060 2310 1113 2395 qui
1129 2321 1205 2376 sunt
1220 2312 1296 2375 sooii
1313 2312 1420 2396 populi

215 2405 353 2471 Romani
367 2415 464 2492 atque
478 2409 582 2485 amici,
607 2409 657 2473 M.
674 2409 846 2473 Fonteium
865 2408 1054 2472 ineolumem
1070 2428 1139 2470 esse
1160 2408 1299 2492 cupiant,
1320 2407 1419 2491 jurati

214 2505 362 2590 privatim
383 2516 417 2571 et
436 2506 561 2592 publice
582 2505 723 2583 laudent,
741 2528 798 2570 vos
819 2514 928 2570 tamen
951 2526 1022 2568 eum
1043 2503 1144 2566 Gallis
1156 2505 1264 2588 jurare
1279 2505 1420 2569 malitis?

215 2602 299 2685 Quid
313 2611 350 2669 ut
364 2603 465 2669 secuti
481 2625 550 2667 esse
564 2603 754 2668 videamiuil
793 2601 1043 2667 Voluntatemne
1059 2599 1240 2665 hominum!
1285 2601 1420 2667 Gravior

213 2702 313 2789 igitur
336 2702 426 2765 vobis
446 2702 509 2765 erit
528 2700 668 2764 hostium
683 2701 830 2765 voluutas
853 2720 948 2783 quam
973 2698 1110 2762 oivinml
1154 2698 1209 2761 An
1230 2698 1419 2784 dignitatem

211 2801 366 2865 testium!
411 2797 556 2861 Potestis
569 2798 670 2883 igitur
684 2798 813 2883 ignotos
826 2796 922 2875 notis,
938 2796 1062 2882 iniquos
1081 2795 1201 2881 aequis,
1224 2795 1419 2881 alienigenas

211 2895 408 2969 domesticis,
435 2895 567 2981 cupidos
590 2896 774 2972 moderatis,
798 2894 1011 2973 mercenarios
1039 2894 1199 2979 gratuitis,
1228 2893 1340 2979 impios
1370 2918 1417 2960 re-

211 2994 343 3081 ligiosis,
359 2992 593 3058 inimicissimos
615 2994 688 3058 huie
711 2993 844 3079 imperio
863 3014 903 3058 ao
926 2992 1044 3057 nomini
1064 2990 1156 3056 bonis
1170 3013 1209 3056 ao
1224 2991 1369 3057 fidelibus
1383 3000 1419 3059 et

212 3094 308 3157 sociis
322 3102 357 3157 et
371 3092 493 3157 civibus
507 3092 686 3158 anteferre!

214 3287 399 3337 littlsvaiueoa
418 3289 510 3338 human
529 3289 586 3348 liie;
603 3290 651 3339 sud
669 3290 728 3353 they
737 3305 800 3339 were
833 3291 914 3339 losum
937 3304 994 3339 saxo
1016 3290 1176 3351 eonseptumr
1200 3287 1234 3336 ibi
1258 3291 1315 3337 ante
1333 3288 1417 3337 hostiis

212 3354 383 3415 superstitious
398 3354 445 3402 and
463 3354 536 3403 cruel.
571 3356 670 3403 Humsn
682 3356 799 3404 saerifioes
831 3356 943 3404 humanis
959 3355 1057 3403 minime
1078 3354 1189 3401 Romano
1203 3368 1270 3401 ssero
1287 3352 1416 3402 imbutum.

211 3432 274 3464 were
282 3433 393 3467 sammon
404 3419 511 3481 (Caesar.
524 3419 553 3467 ll.
564 3421 634 3469 (1.11.
648 3422 694 3477 103
706 3421 798 3479 Lama,
831 3420 934 3469 maeatis
945 3420 1010 3476 satis,
1021 3424 1050 3467 ut
1060 3418 1182 3475 rebantur,
1192 3418 1251 3476 deis,
1263 3416 1325 3466 &eJ'
1358 3420 1418 3469 This

213 3482 344 3541 Pbsrsslis,
354 3484 372 3531 i.
384 3484 452 3547 4⁴4).
486 3485 537 3532 But
546 3484 589 3533 the
600 3486 709 3533 Romans
719 3486 798 3534 tbem-
831 3485 938 3533 borrible
948 3484 1102 3547 superstition
1114 3497 1189 3533 assa
1205 3483 1312 3545 disgnoe
1329 3488 1355 3532 lo
1374 3485 1417 3533 tbs

212 3546 290 3594 selvas
300 3562 363 3595 were
380 3550 519 3597 sometimes
536 3550 614 3611 guilty
631 3550 660 3597 oi
672 3550 714 3598 the
732 3566 798 3598 sama
831 3550 925 3598 Roman
948 3551 1077 3607 character,
1098 3547 1142 3595 but
1166 3548 1243 3595 Rome
1268 3547 1312 3595 has
1329 3550 1415 3611 always

211 3610 349 3673 bsrbsrity3
365 3613 412 3660 and
421 3613 505 3661 ciseio
513 3615 583 3663 eould
592 3620 636 3662 not
646 3614 677 3662 be
687 3616 798 3677 ignorant
830 3614 891 3664 been
903 3614 945 3663 the
955 3614 1016 3662 head
1027 3618 1137 3677 quarters
1155 3612 1182 3659 ol
1196 3614 1351 3675 superstition
1367 3614 1416 3661 and

211 3676 276 3723 olit.
310 3676 379 3739 Pliny
392 3676 436 3741 (N.
446 3678 480 3725 H.
488 3681 568 3727 ml
589 3694 659 3741 says:
678 3686 797 3728 “ocavn
830 3681 931 3743 eruelty.
964 3680 1017 3727 The
1025 3692 1092 3725 same
1102 3677 1201 3738 chapter
1212 3676 1240 3725 oi
1249 3677 1309 3739 Livy
1320 3679 1415 3725 reeords

212 3740 311 3787 demum
330 3756 394 3789 suno
413 3740 481 3791 urbis
496 3744 542 3792 Cn.
628 3744 676 3792 elio
692 3744 799 3792 botulo
830 3745 873 3791 tbe
890 3744 958 3791 usual
970 3743 1127 3805 punishment
1144 3740 1172 3787 oi
1184 3756 1199 3787 s
1209 3741 1285 3787 rertal
1297 3740 1351 3789 who
1367 3742 1415 3788 bad

212 3805 240 3853 P.
252 3805 346 3853 Licinio
363 3807 449 3855 Crasso
466 3808 534 3859 Cosa.
555 3808 796 3857 Senatusoonaultum
829 3807 891 3856 been
902 3808 1033 3855 unchsster
1051 3806 1094 3853 she
1104 3819 1153 3851 was
1164 3804 1247 3851 buried
1264 3804 1325 3851 alive
1335 3809 1361 3850 st
1372 3805 1414 3851 the

211 3869 303 3917 sactum
310 3875 385 3918 estne
393 3871 466 3919 bomo
473 3873 651 3921 immolaretur:
668 3874 797 3937 palamque
829 3872 924 3921 colline
936 3876 998 3931 gata.
1032 3867 1309 3943 Cicero'sdeelsmation
1320 3868 1414 3929 against

211 3935 260 3982 fuit
278 3934 304 3982 in
316 3942 413 3999 tempus
431 3937 491 3985 illud
510 3938 570 3986 sami
588 3938 717 3999 prodigiosi
733 3938 795 3985 osia·
828 3937 871 3984 ibe
883 3936 946 3984 Galli
957 3935 977 3981 is
987 3938 1031 3981 not
1042 3934 1099 3994 only
1110 3936 1200 3991 omasi.
1213 3930 1257 3977 but
1268 3944 1315 3977 ouo
1326 3936 1415 3979 esnnot

211 3998 315 4047 brutio.”
348 4002 534 4065 Againhassys
546 4003 637 4065 (xxviii.
649 4004 691 4065 2)=
709 4003 795 4051 “Bos-
828 4000 933 4062 aeswby
944 3998 987 4047 the
996 3998 1094 4046 ludices
1105 3998 1171 4043 must
1181 4003 1225 4041 not
1241 3995 1301 4069 bave
1312 3994 1415 4057 thought

214 4064 253 4111 rio
262 4080 320 4112 vero
333 4066 358 4112 in
377 4067 431 4114 loro
442 4067 561 4115 Graecum
573 4068 739 4129 Graeosmque
755 4066 797 4114 de·
829 4066 850 4113 it
860 4064 949 4113 absurd
960 4072 1018 4119 too;
1034 4060 1114 4108 which
1132 4061 1152 4106 is
1169 4074 1244 4106 worse
1261 4074 1287 4105 ιιι
1298 4074 1329 4106 ιιι
1340 4060 1413 4108 advo·

212 4129 291 4176 fossos
302 4132 455 4178 sataliamm
464 4133 571 4192 gentium
579 4131 796 4193 eumquibastom
829 4135 890 4178 oste.
914 4125 1150 4181 declamantitl,
1163 4123 1272 4199 Deislss
1281 4122 1403 4199 religione.

212 4208 253 4241 res
270 4202 333 4242 esset
350 4196 423 4244 etism
440 4204 524 4243 nostra
540 4201 607 4242 aetas
626 4194 719 4251 vidit;”
737 4210 797 4243 even
861 4192 1001 4256 proruitis]
1036 4190 1096 4238 This
1113 4188 1179 4235 word
1196 4202 1218 4235 is
1239 4188 1363 4249 explained
1380 4188 1414 4251 by

211 4258 291 4306 under
317 4260 360 4307 the
387 4274 518 4322 emperors.
552 4260 664 4306 Plutarch
685 4260 796 4321 (Quaest.
829 4259 872 4306 tire
883 4255 1073 4307 wordtowhich
1084 4256 1105 4301 it
1119 4254 1140 4300 is
1156 4252 1271 4315 opposed.
1305 4252 1413 4301 ‘Meros-

213 4322 286 4370 llom.
305 4340 331 4386 p.
346 4326 408 4386 283)
430 4339 484 4385 says
502 4324 545 4371 the
564 4338 645 4380 umes
668 4324 715 4371 aod
736 4324 797 4385 Livy
829 4322 922 4371 uarius'
943 4322 964 4369 is
982 4318 1093 4369 onewho
1109 4318 1166 4365 does
1185 4331 1199 4363 a
1218 4316 1287 4377 thing
1306 4316 1343 4365 ior
1361 4318 1414 4366 bire

212 4386 282 4449 (arii.
297 4388 357 4451 57)ι
381 4390 500 4437 “iuterim
512 4404 542 4437 ex
556 4388 670 4435 tatalibus
680 4387 748 4435 libris
759 4402 796 4434 ss·
830 4384 952 4449 (meroes).
987 4390 1003 4414 ‘¹
1012 4382 1084 4440 Quid,
1096 4381 1224 4429 liberalitas
1232 4382 1366 4459 gqatuitsqe
1377 4390 1415 4432 est

211 4453 300 4499 crificia
321 4454 415 4516 aliquot
435 4453 622 4501 exosordinaris
643 4453 713 4506 laeta
733 4453 797 4499 inter
828 4451 1035 4499 snmeroensria?
1069 4449 1094 4495 Si
1106 4448 1157 4495 siue
1173 4460 1279 4508 praemio
1296 4446 1413 4510 benigrnm

211 4531 276 4577 quae
286 4518 370 4566 Gallus
380 4527 406 4566 et
417 4519 494 4574 Galla,
507 4518 613 4567 Graecus
623 4524 648 4566 et
660 4518 758 4573 Graeca,
769 4517 796 4563 in
828 4522 874 4571 est.
891 4516 1010 4579 pataliae
1028 4514 1048 4562 si
1066 4528 1120 4561 eum
1139 4510 1255 4570 mercede,
1270 4512 1413 4562 maduca?

211 4580 356 4630 forobosrio
372 4584 418 4631 sub
437 4589 502 4633 terra
518 4584 565 4631 riri
583 4583 680 4633 demissi
698 4588 755 4631 suut
770 4582 795 4630 iu
829 4582 934 4647 (Cicero,
946 4582 985 4631 De
997 4580 1072 4644 legg.
1083 4579 1101 4627 i.
1115 4578 1164 4641 lo.)

256 4666 330 4711 i'Ol..
347 4668 385 4710 11.
1177 4664 1198 4705 N
