3517 5325
324 487 388 550 102
634 483 770 548 ORAT.
794 482 885 550 PRO
916 481 1022 548 SEX.
1046 481 1209 548 ROSCIO

325 677 419 741 quem
433 652 521 720 vides
542 653 647 741 ipsum
667 655 708 718 ab
733 675 804 718 sese
829 660 898 718 tam
923 658 1065 717 atrocem
1090 651 1237 737 injuriam
1262 652 1446 738 propulsare
1460 677 1525 720 non

324 755 439 838 posset
485 752 549 830 Sin,
567 751 651 838 quod
665 753 748 815 bona
762 773 841 835 quae
858 750 966 814 Roscii
981 751 1110 815 fuerunt
1132 759 1191 816 tua
1205 751 1291 816 facta
1305 758 1389 830 sunt,
1406 753 1524 818 idcirco

324 851 408 914 hunc
423 850 506 914 illius
519 850 617 913 filium
631 850 741 938 studes
755 850 897 935 perdere,
920 869 1024 912 noune
1047 849 1188 912 ostendis
1204 849 1236 912 id
1258 856 1292 914 te
1314 850 1422 928 vereri,
1439 851 1526 936 quod

324 955 451 1033 praeter
466 960 590 1012 ceteros
610 955 647 1011 tu
661 953 803 1010 metuere
818 969 882 1010 non
898 947 1023 1021 debeas,
1046 967 1086 1010 ne
1108 947 1234 1031 quando
1248 947 1355 1010 liberis
1369 949 1525 1034 proscrip-

325 1054 431 1110 torum
459 1048 543 1110 bona
568 1045 672 1130 patria
701 1045 896 1108 reddantur?
942 1043 1038 1107 Facis
1063 1043 1219 1127 injuriam,
1251 1043 1467 1128 Chrysogone,
1497 1044 1525 1108 si

324 1144 477 1226 majorem
496 1165 585 1227 apem
609 1142 779 1226 emptionis
802 1149 877 1206 tuae
901 1141 934 1204 in
957 1140 1051 1225 hujus
1074 1141 1172 1206 exitio
1195 1141 1287 1227 ponis
1311 1163 1407 1227 quam
1428 1142 1461 1206 in
1475 1141 1525 1204 his

324 1243 419 1304 rebus
433 1261 513 1325 quas
529 1240 567 1303 L.
584 1239 672 1303 Sulla
685 1238 796 1324 gessit.
844 1237 936 1317 Quod
951 1236 978 1300 si
999 1237 1057 1302 tibi
1072 1259 1185 1302 caussa
1206 1237 1291 1302 nulla
1305 1246 1356 1302 est
1370 1253 1427 1302 cur
1440 1239 1524 1302 hunc

324 1338 472 1402 miserum
495 1348 589 1402 tanta
613 1337 796 1402 calamitate
821 1335 903 1400 affici
929 1335 1026 1410 velis3
1051 1335 1079 1398 si
1103 1335 1163 1400 tibi
1189 1335 1294 1400 omnia
1318 1357 1377 1400 sua
1398 1343 1525 1420 praeter

323 1435 460 1498 animam
475 1436 617 1510 tradidit,
633 1457 691 1498 nec
707 1434 768 1498 sibi
782 1433 954 1518 quidquam
964 1439 1130 1517 paternum
1140 1455 1180 1497 ne
1190 1434 1384 1498 monumenti
1398 1433 1524 1518 quidem

324 1554 438 1598 caussa
451 1533 644 1606 reservavit;
668 1554 725 1616 per
740 1531 829 1595 Deos
843 1529 1045 1608 immortales,
1062 1551 1143 1614 quae
1164 1530 1227 1594 ista
1249 1537 1341 1596 tanta
1355 1529 1524 1594 crudelitas

325 1637 385 1707 eat,
403 1653 483 1715 quae
498 1639 566 1695 tam
578 1631 647 1693 fera
661 1627 868 1712 immanisque
888 1628 1022 1691 natural
1068 1626 1146 1705 Quis
1167 1649 1316 1712 umquam
1330 1628 1448 1713 praedo
1463 1627 1525 1690 fuit

324 1735 393 1791 tam
407 1728 554 1804 nefarius,
571 1727 641 1812 quis
655 1727 761 1812 pirata
774 1733 842 1790 tam
856 1726 1018 1803 barbarus,
1035 1732 1081 1798 ut,
1094 1746 1188 1810 quum
1204 1725 1359 1810 integram
1374 1726 1525 1810 praedam

324 1825 393 1888 aine
407 1825 560 1909 sanguine
574 1825 692 1888 habere
706 1830 825 1908 posset,
842 1829 974 1886 cruenta
997 1821 1097 1907 spolia
1111 1822 1277 1886 detrahere
1292 1823 1419 1887 mallet?
1454 1822 1525 1886 Scis

324 1922 408 1985 hunc
423 1921 501 1984 nihil
521 1922 647 1999 habere,
673 1920 750 1984 nihil
773 1920 899 2002 audere,
926 1919 1004 1982 nihil
1028 1941 1129 2004 posse,
1151 1919 1228 1984 nihil
1250 1941 1398 2004 umquam
1413 1927 1526 1984 contra

324 2041 392 2083 rem
406 2025 496 2082 tuam
511 2019 667 2105 cogitasse
683 2043 691 2090 ς
716 2025 751 2082 et
765 2025 873 2082 tamen
889 2039 1055 2103 oppugnas
1069 2039 1140 2082 eum
1156 2039 1248 2101 quem
1267 2039 1368 2102 neque
1382 2023 1524 2082 metuere

325 2125 417 2201 potes
440 2139 541 2201 neque
564 2117 667 2180 odisse
693 2117 789 2180 debes
814 2137 873 2178 nec
898 2115 1067 2200 quidquam
1093 2115 1209 2178 habere
1230 2115 1298 2199 jam
1313 2115 1421 2200 reliqui
1437 2115 1525 2180 vides

325 2214 408 2298 quod
424 2214 453 2276 ei
467 2213 633 2278 detrahere
647 2213 768 2298 possis:
792 2213 853 2276 nisi
873 2213 935 2276 hoc
956 2212 1119 2297 indignum
1140 2220 1245 2298 putas,
1269 2213 1352 2298 quod
1374 2213 1526 2277 vestitum

324 2312 436 2375 sedere
451 2312 482 2374 in
494 2312 615 2396 judicio
629 2313 727 2389 vides,
744 2333 838 2397 quem
852 2318 890 2375 tu
905 2332 922 2374 e
937 2309 1125 2393 patrimonio
1147 2317 1309 2394 tamquam
1328 2333 1346 2375 e
1360 2310 1524 2395 naufragio

324 2409 443 2472 nudum
457 2411 613 2495 expulisti.
660 2409 758 2490 Quasi
771 2431 846 2473 vero
867 2407 990 2472 nescias
1004 2408 1087 2471 hunc
1101 2415 1136 2472 et
1150 2408 1190 2472 ali
1213 2415 1246 2472 et
1261 2409 1367 2474 vestiri
1382 2431 1402 2472 a
1417 2407 1525 2472 (laeci-

325 2506 368 2570 lia
383 2507 537 2572 Balearici
549 2508 622 2585 filia,
641 2507 778 2593 Nepotis
792 2527 909 2584 sorore,
926 2505 1158 2591 spectatissima
1172 2507 1308 2582 femina;
1334 2528 1414 2592 quaa
1428 2528 1525 2591 quum

325 2612 450 2691 patrem
479 2605 696 2682 clarissimum,
723 2603 938 2695 amplissimos
961 2610 1101 2689 patruos,
1132 2604 1366 2669 ornatissimum
1394 2603 1525 2669 fratrem

326 2701 466 2778 haberet
497 2710 614 2779 tamen,
638 2726 735 2789 quum
759 2710 846 2767 esset
874 2702 995 2778 mulier,
1025 2701 1142 2767 virtute
1167 2703 1301 2788 perfecit
1328 2710 1375 2779 ut,
1406 2711 1524 2788 quanto

325 2800 445 2865 honore
459 2801 529 2887 ipsa
543 2824 582 2865 ex
597 2800 721 2865 illorum
744 2802 900 2886 dignitate
925 2800 1112 2879 afficeretur,
1139 2822 1202 2863 non
1222 2800 1344 2865 minora
1358 2799 1419 2863 illis
1433 2822 1526 2863 orna-

325 2907 435 2964 menta
449 2922 489 2963 ex
504 2922 562 2965 sua
574 2902 667 2965 laude
681 2900 837 2965 redderet.
884 2898 942 2962 Ll.
967 2898 1020 2963 An
1042 2898 1126 2984 quod
1148 2899 1315 2986 diligenter
1337 2898 1523 2974 defenditur,

326 2996 359 3059 id
374 2998 434 3062 tibi
448 2997 611 3083 indignum
633 2999 754 3063 facinus
779 2998 926 3062 videtur?
972 2996 1055 3059 Mihi
1081 2998 1185 3073 crede,
1211 2998 1239 3061 si
1260 3019 1318 3082 pro
1340 2996 1441 3081 patris
1456 2996 1525 3079 ejus

326 3095 473 3180 hospitiis
488 3104 522 3160 et
535 3096 639 3181 gratia
652 3096 769 3159 vellent
783 3116 893 3159 omnes
914 3094 1009 3177 hujus
1030 3094 1173 3179 hospites
1195 3096 1308 3159 adesse
1323 3102 1356 3159 et
1370 3094 1526 3159 auderent

324 3193 424 3257 libere
438 3193 614 3271 defendere,
631 3194 712 3257 satis
738 3192 865 3277 copiose
886 3190 1117 3255 defenderetur.
1163 3191 1219 3254 Sin
1239 3198 1347 3256 autem
1366 3212 1423 3276 pro
1438 3212 1525 3276 mag-

325 3290 468 3354 nitudine
482 3290 615 3376 injuriae
629 3314 747 3376 proque
762 3313 800 3355 eo
814 3290 898 3375 quod
921 3312 1043 3354 summa
1068 3311 1120 3353 res
1142 3288 1267 3373 publica
1288 3290 1320 3353 in
1335 3291 1430 3374 hujus
1443 3291 1526 3376 peri-

326 3388 398 3451 culo
419 3394 572 3466 tentatur,
597 3389 676 3453 haec
700 3410 810 3453 omnes
827 3386 1032 3465 vindicarent,
1058 3386 1232 3451 consistere
1247 3388 1423 3452 mehercule
1437 3388 1526 3453 vobis

327 3484 389 3549 isto
404 3485 437 3547 in
451 3485 521 3549 loco
535 3507 600 3549 non
614 3485 734 3551 liceret.
780 3485 873 3549 Nunc
895 3485 943 3549 ita
963 3484 1151 3562 defenditur,
1166 3506 1230 3549 non
1251 3506 1327 3549 sane
1341 3492 1379 3550 ut
1393 3486 1525 3550 moleste

360 3681 521 3743 ramaoth]
568 3683 705 3740 ‘Servavit
735 3682 797 3730 Cdd.
818 3682 909 3745 aliqui!
944 3682 1148 3745 comprehending
1175 3682 1207 3730 all
1228 3682 1270 3731 the
1299 3686 1365 3746 parts
1386 3682 1464 3731 which
1485 3697 1527 3731 ara

328 3746 411 3796 Orelli.
444 3746 529 3794 Either
543 3747 621 3808 might
631 3748 670 3803 do,
687 3748 732 3794 bnt
742 3748 784 3794 tha
799 3749 912 3809 meaning
944 3748 1078 3809 compriscd
1099 3748 1124 3795 in
1146 3747 1187 3795 the
1208 3748 1291 3795 notiou
1313 3748 1341 3795 of
1366 3764 1380 3795 a
1401 3748 1478 3809 thing,
1500 3762 1527 3795 aa

327 3812 408 3859 ianot
418 3811 460 3859 the
471 3826 544 3858 sarna.
579 3812 688 3859 SeeVol.
700 3812 722 3859 1.
739 3812 832 3862 Varii.
847 3817 871 3861 o.
889 3829 910 3861 c.
945 3818 1054 3859 ‘summa
1062 3812 1156 3872 J'ndicii’
1175 3812 1233 3875 (Pro
1250 3812 1357 3870 Quintio,
1369 3826 1390 3859 c.
1402 3812 1437 3875 9),
1449 3812 1526 3859 which

328 3879 369 3926 30.
398 3877 525 3926 Klotzhas
538 3876 615 3923 ‘clam
626 3877 770 3925 reservante
944 3877 1108 3939 iaerplained
1130 3876 1162 3939 by
1185 3882 1285 3925 ‘carram
1306 3876 1374 3924 tota-¹
1410 3878 1527 3925 ‘Summa

364 3942 480 4003 Caecilia]
518 3942 593 3989 Seec.
608 3943 646 3989 10.
944 3940 1011 3988 belli'
1032 3956 1114 3988 occurs
1133 3942 1158 3989 in
1181 3941 1241 4003 Livy
1261 3941 1343 4002 (xxxii.
1367 3938 1416 4003 17),
1435 3940 1483 3989 and
1500 3942 1527 3987 in

360 4006 400 4054 Μ’.
417 4020 510 4053 ramma
524 4005 684 4068 respublica]
711 4006 766 4053 ‘Sic
776 4005 837 4053 Cdd.
848 4004 911 4052 Ven.
946 4006 1039 4063 Caesar,
1057 4006 1085 4053 Β.
1098 4006 1128 4054 G.
1139 4006 1156 4053 i.
1170 4007 1208 4053 fl.
1244 4006 1272 4053 ln
1284 4006 1326 4052 tho
1337 4020 1435 4067 passage
1446 4007 1471 4053 iu
1484 4006 1528 4053 tha

327 4070 369 4118 Ju.
382 4070 451 4118 Grut.
464 4072 656 4131 amq—amm
668 4072 704 4117 rei
711 4072 832 4132 publicae.
845 4069 910 4117 Crat.
944 4070 1044 4117 Verrine
1055 4071 1160 4118 orations
1178 4072 1198 4117 it
1216 4071 1236 4117 is
1255 4070 1357 4132 perhaps
1376 4076 1419 4116 not
1436 4071 1527 4117 certain

328 4134 368 4182 la’
381 4132 489 4197 (Orelli.)
524 4134 588 4181 Both
611 4138 723 4182 ‘summa
744 4150 782 4182 res
803 4134 910 4195 publica'
943 4135 1007 4181 what
1018 4135 1059 4181 the
1071 4135 1144 4183 MSS.
1160 4134 1270 4193 readings
1284 4150 1331 4189 are,
1348 4134 1455 4181 whether
1473 4140 1527 4181 ‘rea

327 4198 376 4245 and
394 4203 503 4245 ‘summa
518 4199 554 4245 rei
570 4199 693 4260 pnblicaa’
711 4215 751 4246 are
767 4199 846 4246 Latin.
882 4198 912 4245 ln
945 4200 1051 4260 publioe’
1072 4214 1099 4247 or
1122 4200 1173 4247 ‘rei
1192 4199 1317 4261 publicae.’
1351 4199 1460 4246 uuoreis
1475 4199 1527 4246 also

328 4264 367 4310 De
392 4262 451 4320 lag.
476 4261 519 4323 (iii.
545 4264 585 4327 16)
608 4280 643 4311 we
666 4264 725 4311 have
748 4264 797 4310 “in
818 4278 913 4310 summa
945 4264 987 4310 tha
1008 4265 1145 4325 expression
1174 4269 1284 4311 ‘summa
1305 4264 1360 4311 res!
1405 4264 1452 4310 We
1481 4278 1527 4310 can

326 4327 465 4385 republica
483 4326 607 4375 nobiscum
626 4328 713 4376 venari
728 4344 799 4391 qnam
814 4328 840 4374 in
859 4342 912 4374 mu·
945 4330 1059 4375 translate
1078 4334 1187 4375 ‘summa
1203 4344 1240 4375 res
1256 4328 1360 4388 publira'
1378 4328 1435 4389 bya
1455 4332 1528 4389 ‘very

326 4392 423 4451 nicipali
449 4392 595 4449 maluisset,”
620 4394 700 4441 where
725 4399 834 4439 ‘summa
860 4408 910 4439 res-
944 4398 1011 4454 great
1022 4394 1100 4449 state,'
1117 4394 1210 4453 justas
1225 4408 1259 4439 we
1270 4393 1384 4439 translate
1404 4398 1527 4439 ‘summus

326 4455 432 4518 publioa'
449 4456 470 4503 ia
486 4458 591 4519 opposed
607 4464 634 4505 to
649 4458 830 4520 ‘municipalia’
848 4458 911 4505 asin
945 4459 987 4515 vir,
1009 4458 1155 4519 imperator,’
1177 4458 1219 4504 the
1240 4472 1306 4503 sams
1329 4473 1379 4518 way
1401 4457 1432 4518 by
1455 4462 1528 4517 ‘very

325 4520 447 4569 theVerr.
462 4522 555 4571 itae.
572 4523 912 4585 61,itisopposedto‘pro·
945 4522 1029 4583 great,'
1050 4538 1078 4569 or
1100 4520 1236 4581 ‘grentam'
1274 4522 1389 4569 ‘Summa
1409 4522 1443 4568 rai
1464 4521 1526 4585 pub·

325 4586 420 4633 vincia!
443 4586 571 4635 ‘Samma'
589 4604 616 4636 aa
634 4604 650 4636 a
670 4602 737 4636 noun
758 4588 779 4635 ia
800 4602 816 4635 a
833 4587 911 4649 uuity,
945 4586 1437 4651 licae'iaallthelnterestaofauystate.
