3517 5325
621 458 800 525 ΗΑΒΙΤΟ
822 457 927 524 oAP.
950 460 1044 526 7-9.
1368 463 1433 529 30³

233 653 351 719 magna
376 632 506 716 jactura
533 629 621 700 lacta
648 629 824 694 tollendum
853 627 1167 714 interficiendumque
1196 630 1327 698 curavit.
1384 629 1435 696 llli

232 739 341 798 autem
366 729 535 814 quierant
559 727 599 790 ad
621 726 830 812 propinquum
853 725 1105 810 investigandum
1128 736 1164 792 et
1184 727 1436 814 recuperandum

234 827 379 914 proiecti.
409 826 534 890 litteras
567 823 717 888 Larinum
743 823 784 886 ad
810 822 939 900 Aurios,
960 823 1043 888 illius
1063 823 1276 890 adolescentis
1298 846 1436 910 suosque

231 924 439 1000 necessarios,
457 923 600 996 mittunt,
622 921 683 984 sibi
699 919 857 985 difficilem
875 943 946 984 esse
957 920 1171 1004 investigandi
1180 922 1336 987 rationem
1351 923 1436 1006 quod

233 1021 449 1106 intelligerent
464 1020 600 1086 indicem
620 1019 662 1082 ab
677 1017 854 1104 Oppianico
876 1038 947 1082 esse
969 1028 1164 1110 corruptum.
1210 1019 1298 1098 Quas
1311 1020 1437 1087 litteras

237 1121 279 1183 A.
295 1119 423 1194 Aurius,
441 1118 488 1184 vir
502 1117 596 1182 sortis
610 1125 645 1181 et
657 1115 827 1201 experiens
842 1123 875 1182 et
891 1116 1113 1194 dominabilis,
1127 1125 1163 1180 et
1179 1117 1227 1181 M.
1244 1117 1328 1183 illius
1343 1116 1437 1181 Antii

236 1216 496 1302 perpropinquus,
519 1215 551 1278 in
581 1215 649 1278 loro
673 1214 786 1298 palam,
811 1213 920 1279 multis
948 1213 1162 1288 audientibus,
1186 1237 1284 1299 quum
1307 1215 1437 1281 adesset

235 1312 442 1398 Oppianicus,
459 1312 584 1390 recitat,
606 1319 640 1375 et
660 1310 834 1376 clarissima
851 1331 930 1376 voce
952 1332 988 1376 se
1009 1331 1125 1376 nomen
1141 1311 1317 1396 Oppianici.
1340 1312 1369 1376 si
1390 1312 1437 1374 in·

236 1411 407 1474 terfectum
425 1409 479 1472 M.
502 1409 637 1474 Aurium
661 1429 731 1476 esse
753 1408 970 1493 comperisset,
991 1408 1170 1472 delaturum
1189 1431 1261 1476 esse
1285 1418 1437 1476 testatur.

137 1545 142 1554 ·
239 1507 374 1572 Interim
397 1506 482 1570 brevi
512 1514 655 1591 tempore
674 1505 718 1573 illi
744 1505 798 1590 qui
819 1515 912 1570 amnt
930 1507 963 1571 in
981 1527 1096 1591 agrum
1112 1506 1270 1574 Gallicum
1291 1507 1436 1593 proiecti,

241 1604 392 1668 Larinum
417 1611 635 1671 revertuntur:
670 1603 873 1669 interiectum
902 1625 974 1668 esse
1003 1604 1051 1668 M.
1077 1604 1213 1668 Aurium
1241 1605 1437 1672 renuntiant.

239 1702 349 1766 Animi
378 1725 442 1766 non
464 1702 568 1768 solum
594 1702 850 1787 propinquorum,
872 1701 929 1766 sed
951 1702 1048 1766 etiam
1072 1702 1213 1767 omnium
1241 1703 1439 1770 Larinatium

239 1800 310 1864 odio
342 1799 508 1884 Oppianici
536 1806 571 1864 et
600 1799 683 1864 illius
711 1797 924 1862 adolescentis
947 1798 1165 1864 misericordia
1189 1808 1437 1866 commoventur.

242 1897 356 1983 Itaque
371 1919 469 1983 quum
479 1897 522 1962 A.
535 1897 664 1975 Aurius,
678 1897 772 1982 isqui
786 1903 884 1962 antea
897 1897 1112 1975 denuntiarat,
1128 1899 1265 1965 clamore
1279 1901 1439 1964 hominem

239 2018 278 2060 ac
292 1996 385 2062 minis
403 1995 525 2080 insequi
545 1995 715 2081 coepisset,
735 1995 851 2059 Larino
873 1996 1026 2081 profugit,
1042 2005 1076 2062 et
1095 2018 1130 2062 se
1151 1997 1185 2061 in
1207 2005 1314 2064 castra
1331 1998 1439 2064 claris-

241 2093 313 2158 simi
325 2093 381 2158 viri
393 2093 431 2174 Q.
448 2093 569 2160 Metelli
580 2093 726 2158 contulit.
743 2093 826 2160 Post
840 2093 925 2161 illam
936 2102 1044 2162 antem
1054 2095 1171 2179 lugam,
1184 2095 1313 2160 sceleris
1323 2105 1439 2162 etcon·

241 2191 392 2257 scientiae
407 2199 532 2268 testem,
549 2213 718 2276 numquam
733 2211 768 2254 se
780 2191 920 2275 judiciis,
935 2213 1107 2276 numquam
1121 2191 1253 2277 legibus,
1269 2213 1441 2277 numquam

241 2290 391 2354 inermem
408 2289 542 2352 inimicis
557 2289 756 2354 committere
771 2310 868 2352 ausus
883 2297 944 2362 est,
956 2289 1013 2352 sed
1029 2310 1087 2373 per
1101 2289 1186 2356 illam
1204 2289 1241 2352 1..
1258 2289 1364 2352 Sullae
1378 2290 1442 2354 vim

242 2375 338 2473 atque
361 2387 525 2453 victoriam
549 2385 700 2451 Larinum
723 2385 756 2448 in
779 2405 902 2448 summo
924 2385 1039 2448 timore
1058 2385 1198 2451 omnium
1215 2407 1289 2448 com
1310 2385 1442 2450 armatis

242 2485 413 2558 conclavim
449 2483 686 2568 quattuorviros
715 2502 795 2565 quos
824 2480 998 2564 municipes
1026 2481 1168 2546 fecerant
1190 2482 1341 2555 sustulitr
1365 2504 1401 2546 se
1422 2503 1443 2546 a

243 2583 332 2648 Sulla
355 2589 389 2646 et
414 2589 482 2646 tres
508 2587 675 2666 praeterea
699 2578 802 2642 laetos
821 2599 891 2642 esse
918 2577 1011 2653 dixit.
1036 2585 1070 2640 et
1090 2578 1132 2640 ab
1155 2579 1266 2646 eodem
1289 2579 1349 2643 sibi
1372 2599 1443 2644 asse

242 2682 433 2767 imperatum
448 2686 485 2743 ut
501 2677 637 2741 Aurium
653 2676 740 2739 illum
758 2676 812 2760 qui
829 2675 890 2739 sibi
909 2674 1099 2739 delationem
1114 2677 1251 2741 nominis
1273 2686 1308 2743 et
1328 2677 1444 2763 capitis

242 2777 414 2862 periculum
438 2780 626 2851 ostentarat,
643 2784 678 2839 et
699 2774 836 2837 alterurn
853 2772 990 2835 Aurium
1010 2773 1128 2856 atejus
1145 2773 1182 2837 L.
1198 2774 1296 2839 lilium
1317 2784 1352 2841 et
1368 2775 1443 2842 Sex.

245 2874 384 2950 Vibium,
408 2894 471 2957 quo
496 2879 660 2956 sequestre
686 2870 719 2933 in
740 2870 794 2935 illo
819 2869 923 2933 indice
942 2872 1173 2955 corrumpendo
1189 2872 1354 2939 dicebatur
1374 2894 1444 2938 essa

243 2993 329 3049 nans,
351 2970 595 3055 proscribendos
615 2968 913 3052 interficiendosque
933 2976 1071 3033 curaret.
1117 2968 1232 3054 Itaque
1253 2970 1315 3036 illis
1333 2971 1445 3035 crude·
1510 2992 1518 3003 ·

242 3068 360 3133 lissime
376 3066 553 3133 interiectis
567 3088 630 3131 non
647 3065 795 3133 mediocri
811 3067 852 3129 ab
867 3086 906 3129 eo
919 3065 1019 3129 ceteri
1034 3066 1274 3152 proscriptionis
1287 3076 1322 3133 et
1333 3068 1445 3134 mortis

244 3174 332 3231 metu
346 3166 549 3230 tenebantur.
595 3164 659 3227 His
679 3164 774 3227 rebus
796 3164 827 3226 in
846 3184 960 3227 caussa
978 3164 1162 3249 judicioque
1182 3166 1360 3249 patefactis,
1376 3165 1446 3250 quis

245 3272 295 3329 est
310 3264 363 3349 qui
378 3264 464 3327 illum
478 3262 599 3327 absolvi
613 3262 755 3347 potuisse
769 3261 1002 3326 arbitraretur!
1047 3260 1114 3325 IX.
1137 3263 1247 3347 Atque
1258 3263 1337 3327 haec
1349 3282 1447 3348 parva

188 3426 193 3433 ,
245 3371 338 3439 sunt:
363 3361 546 3446 cognoscite
561 3360 693 3446 reliqua,
710 3366 824 3423 utnon
847 3359 1016 3443 aliqnando
1037 3360 1281 3425 condemnatum
1297 3382 1367 3425 esse
1382 3358 1447 3445 Op·

246 3458 411 3543 pianicum‚
427 3460 484 3523 sed
499 3458 691 3545 aliquamdiu
707 3457 895 3522 incolumem
910 3458 1008 3521 fuisse
1022 3457 1189 3522 miremini.

291 3557 434 3621 Primum
459 3557 564 3621 videte
594 3557 730 3620 hominis
758 3555 933 3621 audaciam.
979 3555 1121 3621 Sassiam
1149 3556 1183 3619 in
1210 3555 1448 3623 matrimonium

246 3653 370 3728 ducere,
399 3653 513 3717 Habiti
538 3662 681 3731 matrem,
709 3652 795 3717 illam
816 3654 909 3737 cujus
931 3653 999 3718 viru
1012 3678 1032 3715 ιι
1056 3654 1099 3717 A.
1116 3654 1252 3718 Aurium
1273 3654 1447 3729 occiderat,

280 3822 303 3869 8.
320 3834 368 3867 aaa
384 3820 483 3883 mona]
502 3821 563 3869 This
586 3836 668 3869 means
684 3822 706 3869 it
727 3821 768 3869 did
787 3826 832 3869 not
863 3821 975 3883 gismatcs
986 3822 1014 3869 ot
1028 3822 1070 3869 the
1082 3822 1248 3883 municipium,
1260 3822 1314 3867 who
1325 3820 1419 3867 formed
1434 3832 1450 3866 a

247 3890 300 3934 oost
310 3885 359 3931 him
371 3884 444 3931 mach
455 3890 480 3931 to
494 3890 535 3945 gat
546 3886 588 3932 the
598 3900 679 3947 young
691 3900 747 3932 man
756 3885 831 3933 taken
865 3886 1019 3946 ‘collegium’
1028 3886 1161 3933 osrrrrriri.
1177 3885 1383 3946 'lneqnstuorvlri
1390 3898 1448 3930 coo·

248 3951 289 3999 off.
865 3950 939 3997 siated
950 3950 978 3996 oi
989 3964 1004 3996 a
1014 3950 1102 3997 double
1113 3954 1150 3995 set
1160 3950 1188 3995 ol
1196 3950 1354 4008 magistrates,
1366 3948 1449 3994 ‘rrviri

280 4012 419 4076 caper-lesa]
440 4012 543 4069 Horace,
555 4012 629 4073 Epi.
643 4014 682 4067 17.
694 4014 769 4060 llr-
863 4014 912 4074 juri
921 4013 1042 4069 dicando,'
1053 4014 1109 4059 who
1119 4012 1295 4073 mmesponded
1307 4023 1333 4059 to
1344 4011 1387 4057 tha
1399 4011 1449 4057 lto-

288 4180 292 4185 ·
347 4117 422 4166 “Aut
432 4118 509 4165 virtus
520 4131 608 4165 noman
620 4116 691 4163 inane
702 4118 747 4171 est,
778 4178 784 4189 .
861 4092 918 4191 ff
930 4074 1450 4189 fmssffinfflmzff&

247 4186 299 4234 Aut
310 4184 382 4231 decus
393 4188 418 4231 et
428 4182 532 4245 pretium
549 4185 613 4229 recte
626 4180 688 4243 pctir
703 4192 829 4241 experiens
861 4206 942 4253 ,im
959 4204 1119 4267 „419de
1127 4203 1450 4265 mmmm-„dm

314 4246 376 4297 ’ω’
866 4240 976 4317 hadtlie‘
982 4268 1132 4331 jurisdictio:
1137 4268 1298 4329 whenoetlney
1306 4268 1449 4315 'mealled

250 4340 507 4392 ltisanaetireman.
865 4333 1135 4395 ‘uvirijuridiconrlol
1176 4332 1289 4394 (Becker,
1303 4332 1448 4390 Handbnelr,

259 4403 497 4489 perpropinquus]
518 4402 581 4449 ΕΤ.
615 4400 772 4449 Thiallnrlns
786 4414 829 4462 ap·
865 4402 909 4448 tec.
922 4400 947 4447 i'a
965 4400 986 4447 Ι.
1001 4414 1025 4462 p.
1040 4396 1298 4461 &dp-‘mquam'
1313 4396 1418 4473 κενοὶ,
1426 4396 1447 4444 1.

247 4476 353 4534 pearata
366 4471 395 4517 bs
407 4469 600 4529 Sassiasyonng
610 4465 720 4514 husband
733 4464 766 4527 (c.
779 4462 814 4527 d).
863 4464 920 4511 Aa.
938 4465 986 4513 ta.
1003 4466 1083 4512 12.-‘
1091 4462 1237 4510 tenebantur
1246 4463 1262 4508 ι’
1286 4460 1329 4509 tlic
1350 4461 1449 4523 reading

280 4533 473 4598 quattuorviros]
492 4532 561 4595 They
576 4546 638 4580 were
645 4530 688 4579 tha
700 4530 765 4579 ahiel
778 4544 829 4577 ma·
862 4529 891 4577 ol
895 4530 921 4577 Β.
928 4528 974 4578 122
989 4528 1034 4577 tlra
1044 4526 1115 4575 other
1124 4527 1253 4589 radingis
1264 4524 1447 4575 ‘mmmm’
