3517 5325
601 456 823 525 AMERINO
855 459 957 527 GAP.
980 463 1119 528 20-22.
1402 464 1442 533 75

236 650 429 716 quemquam
444 648 667 713 responsurum
682 638 842 715 putasses.
881 630 1005 717 Operae
1016 632 1155 717 pretium
1169 639 1249 709 erat,
1261 632 1289 699 si
1303 632 1445 697 animad-

235 727 388 800 vertistis,
398 725 533 811 judices,
545 726 770 815 negligentiam
782 730 851 813 ejus
862 728 895 793 in
906 731 1084 795 accusando
1095 731 1305 795 considerare.
1330 732 1443 810 Oredo,

237 848 335 911 quum
359 824 493 889 vidisset
512 823 566 911 qui
583 824 727 889 homines
748 826 782 889 in
805 826 892 890 hisce
913 828 1071 891 subselliis
1092 828 1249 906 sederent,
1275 829 1445 913 quaesisse,

237 946 316 987 num
331 922 384 986 ille
405 930 462 985 aut
485 920 536 985 illo
559 921 744 987 defensurus
767 929 870 989 esset:
895 924 936 989 de
955 946 1006 989 me
1026 946 1067 989 ne
1088 925 1288 1010 suspicatum
1310 925 1447 1009 quidem,

238 1020 326 1105 quod
340 1026 437 1083 antea
452 1040 596 1085 caussam
611 1020 769 1104 publicam
784 1020 902 1085 nullam
914 1022 1058 1087 dixerim.
1094 1023 1312 1107 Posteaquam
1326 1022 1449 1088 invenit

238 1118 398 1183 neminem
413 1138 522 1181 eorum
537 1116 590 1202 qui
605 1126 739 1202 possunt
754 1128 788 1183 et
803 1120 918 1195 solent,
932 1120 981 1185 ita
999 1121 1164 1207 negligens
1185 1143 1257 1187 esse
1278 1120 1386 1206 coepit
1400 1128 1447 1197 ut,

240 1237 339 1301 quum
353 1214 386 1279 in
400 1222 540 1279 mentem
559 1214 681 1281 veniret
701 1216 739 1294 ei,
755 1216 919 1295 resideret,
941 1218 1055 1283 deinde
1075 1218 1279 1303 spatiaretur,
1295 1238 1448 1281 nonnum·

240 1334 336 1400 quam
348 1313 445 1378 etiam
456 1334 587 1397 puerum
598 1321 747 1388 nocaret3
772 1316 877 1393 eredo,
892 1315 943 1379 cui
958 1337 1091 1381 caenam
1105 1317 1294 1401 imperaret,
1319 1336 1449 1399 prorsus

240 1420 279 1477 ut
293 1417 399 1475 vestro
414 1431 565 1475 consessu
576 1417 610 1477 et
625 1412 848 1477 hocconventu
862 1434 920 1497 pro
930 1434 1054 1478 summa
1064 1412 1235 1477 solitudine
1248 1414 1446 1478 abuteretur.

242 1508 369 1573 XXII.
403 1508 569 1575 Peroravit
602 1508 786 1594 aliquando:
823 1510 965 1575 assedit:
1002 1510 1126 1575 surrexi
1155 1532 1226 1595 ego.
1280 1510 1449 1594 Respirare

240 1606 328 1671 visus
343 1612 393 1669 est
408 1606 491 1691 quod
507 1626 571 1671 non
595 1606 676 1671 alius
699 1608 807 1693 potius
830 1607 963 1673 diceret.
1007 1608 1107 1693 Coepi
1122 1608 1236 1673 dicere.
1282 1607 1396 1692 Usque
1410 1630 1449 1673 eo

240 1703 459 1779 animadverti,
479 1703 614 1787 judices,
636 1727 707 1769 eum
724 1704 825 1789 jocari
845 1712 944 1791 atque
962 1705 1041 1769 alias
1064 1726 1116 1769 res
1136 1727 1232 1792 agere
1255 1712 1331 1771 ante
1353 1727 1449 1788 quam

242 1802 484 1886 Chrysogonum
500 1802 679 1877 nominavi;
704 1823 797 1887 quem
817 1802 910 1867 simul
929 1810 1028 1888 atque
1049 1803 1156 1888 attigi,
1172 1803 1284 1867 statim
1303 1803 1399 1870 bomo
1413 1824 1448 1867 se

241 1900 354 1964 erexit.
401 1898 514 1963 Mirari
529 1899 614 1963 visus
629 1908 688 1965 est.
736 1900 883 1965 Intellexi
899 1900 976 1985 quid
990 1923 1062 1965 eum
1079 1900 1279 1987 pupugisset.
1325 1900 1448 1963 Iterum

241 2020 281 2063 ec
304 1998 401 2063 tertio
423 1997 591 2063 nominavi.
637 1997 758 2063 Postea
780 1997 924 2061 homines
947 2020 1076 2062 cursare
1104 2000 1191 2063 ultro
1213 2006 1248 2063 et
1273 1998 1355 2063 citro
1384 2019 1448 2062 non

242 2096 456 2167 destiterunt;
490 2096 594 2173 credo,
622 2096 675 2180 qui
702 2095 910 2179 Chrysogono
938 2097 1124 2161 nuntiarent
1152 2118 1223 2161 esse
1252 2096 1391 2180 aliquem
1413 2096 1447 2159 in

242 2194 372 2259 civitate
387 2193 441 2279 qui
456 2201 569 2259 contra
583 2194 780 2259 voluntatem
801 2194 870 2278 ejus
893 2194 996 2259 dicere
1016 2194 1167 2268 anderet3
1191 2193 1284 2257 aliter
1303 2215 1449 2257 caussam

241 2291 295 2378 agi
319 2298 416 2377 atque
441 2290 492 2355 ille
516 2291 734 2365 existimaret;
770 2291 887 2377 aperiri
912 2292 1067 2356 bonorum
1096 2291 1309 2377 emptionem
1342 2290 1448 2355 vexari

240 2388 377 2473 pessime
396 2388 603 2464 societatem
636 2388 774 2475 gratiam
798 2387 1038 2474 potentiamque
1061 2389 1132 2472 ejus
1154 2386 1293 2472 negligi;
1324 2386 1449 2469 jndices

242 2486 410 2572 diligenter
424 2487 591 2551 attendere
604 2512 613 2560 ;
639 2486 756 2571 populo
771 2508 837 2551 rem
862 2486 1026 2570 indiguam
1041 2485 1151 2549 videri.
1197 2486 1287 2565 Quae
1301 2483 1448 2568 quoniam

239 2590 275 2649 te
294 2584 481 2663 fefellerunt,
500 2584 608 2664 Eruci,
625 2583 834 2669 quoniamque
858 2584 947 2647 vides
966 2605 1058 2647 versa
1075 2605 1146 2647 esse
1165 2581 1280 2660 omnia,
1305 2602 1449 2647 caussam

240 2705 298 2768 pro
312 2684 386 2747 Sex.
397 2683 522 2758 Roscio,
535 2682 563 2746 si
574 2703 638 2745 non
649 2681 822 2760 commode,
836 2689 871 2744 at
885 2680 984 2744 libere
998 2681 1079 2757 dici;
1104 2703 1198 2766 quem
1210 2680 1283 2744 dedi
1297 2680 1446 2765 putabas,

241 2781 368 2844 delendi
382 2778 554 2864 intelligis;
580 2799 660 2864 quos
671 2778 846 2842 tradituros
857 2778 1019 2863 sperabas,
1030 2779 1118 2842 vides
1125 2777 1291 2862 judicare;
1316 2778 1449 2842 restitue

240 2877 335 2942 nobis
349 2875 516 2960 aliquando
531 2883 669 2940 veterem
684 2881 773 2938 tuam
788 2874 873 2938 illam
889 2874 1095 2941 calliditatem
1109 2883 1208 2960 atque
1222 2874 1444 2960 prudentiam:

242 2974 397 3040 confitere
412 2974 473 3038 huc
488 2995 527 3037 ea
541 2995 597 3057 spe
611 2971 734 3036 venisse
749 2972 833 3056 quod
848 2980 980 3057 putares
998 2972 1049 3036 hic
1063 2972 1274 3049 latrocinium,
1289 2994 1352 3037 non
1365 2971 1449 3056 judi-

241 3073 325 3137 cium
343 3072 492 3137 futurum.
539 3071 590 3136 De
611 3069 779 3156 parricidio
802 3091 915 3134 caussa
936 3069 1071 3136 dicitur:
1097 3071 1180 3135 ratio
1201 3071 1243 3136 ab
1265 3078 1449 3136 accusatore

241 3171 368 3235 reddita
382 3191 446 3234 non
461 3175 512 3234 est
526 3191 621 3255 quam
636 3169 677 3232 ob
693 3189 835 3232 caussam
853 3177 979 3254 patrem
998 3169 1081 3234 iilius
1101 3170 1263 3236 ceciderit.
1309 3171 1402 3252 Quod
1416 3170 1449 3234 in

241 3268 379 3332 minimis
394 3268 498 3332 noxiis
522 3276 557 3334 et
580 3268 613 3329 in
635 3266 685 3330 his
708 3265 876 3330 levioribus
899 3268 1050 3352 peccatis,
1067 3291 1149 3354 quae
1168 3268 1271 3354 magia
1289 3271 1402 3334 crebra
1415 3277 1450 3332 et

239 3367 307 3450 jem
332 3388 430 3452 prope
455 3365 638 3451 quotidiana
662 3370 746 3442 sunt,
771 3362 909 3428 maxime
935 3373 969 3431 et
998 3365 1134 3450 primum
1163 3367 1337 3453 quaeritur,
1366 3389 1449 3452 quae

243 3486 356 3528 caussa
379 3463 522 3528 maleiicii
544 3462 649 3540 luerit,
674 3461 706 3525 id
734 3460 871 3526 Erucius
894 3461 927 3526 in
950 3463 1117 3548 parricidio
1139 3465 1249 3550 quaeri
1271 3487 1336 3529 non
1354 3471 1451 3550 putat

277 3663 387 3697 samsom
404 3647 542 3710 publicam]
577 3646 637 3694 This
656 3661 704 3694 was
726 3643 830 3696 Cicero's
863 3647 891 3694 of
906 3648 984 3696 Rome
994 3645 1366 3711 hadacertainspaoctomore
1376 3649 1452 3698 about

244 3715 298 3762 lirst
314 3727 462 3776 appearance
480 3713 506 3758 in
532 3727 547 3758 a
564 3713 663 3758 ‘caussa
681 3710 794 3774 publioa,'
816 3727 831 3758 a
863 3712 897 3758 ln.
931 3711 1000 3774 'lhey
1014 3727 1076 3760 were
1091 3718 1136 3760 not
1151 3714 1214 3761 tired
1231 3719 1257 3762 to
1273 3729 1289 3762 a
1303 3720 1358 3776 spot
1374 3714 1422 3761 like
1436 3729 1452 3760 a

246 3775 831 3838 Romanterm,nhichisbestexplainedbythe
864 3775 965 3824 modern
987 3777 1087 3838 speaker
1111 3779 1232 3840 generally
1253 3780 1284 3826 is.
1328 3778 1381 3824 The
1402 3778 1452 3824 irae

244 3843 381 3906 opposition
398 3842 426 3890 ol
444 3845 541 3888 ‘caussa
557 3839 665 3903 privata,'
685 3840 763 3887 which
781 3841 832 3887 iss
864 3845 1002 3886 movement
1020 3841 1048 3886 oi
1067 3842 1109 3888 the
1128 3841 1192 3904 body
1210 3843 1237 3889 in
1254 3841 1369 3903 speaking
1386 3841 1452 3901 gives

245 3909 294 3956 suit
305 3906 411 3954 between
423 3906 515 3968 private
526 3920 627 3968 persons
637 3905 662 3952 in
676 3905 754 3952 which
771 3904 834 3952 their
865 3904 998 3950 animation
1016 3910 1044 3950 to
1063 3905 1106 3952 the
1125 3905 1233 3966 speaken
1254 3905 1304 3952 and
1325 3905 1367 3951 the
1388 3903 1452 3951 tired

244 3971 374 4036 particular
384 3971 497 4018 interests
508 3970 565 4032 only
576 3985 617 4016 ars
628 3969 768 4016 conoemed.
865 3967 971 4032 position
981 3966 1049 4014 tates
1060 3967 1079 4014 it
1089 3983 1163 4029 away.

277 4035 415 4097 resideret]
452 4035 547 4081 ‘When
563 4033 594 4080 he
610 4033 654 4080 sert
668 4033 780 4090 inclined,
801 4032 832 4080 he
897 4035 937 4080 22.
955 4032 1018 4078 olias
1029 4032 1163 4094 resapere]
1197 4031 1349 4079 Thismeans
1360 4036 1453 4080 'netto

244 4101 455 4157 nonldaitdorrn3
472 4099 530 4146 then
541 4098 572 4144 he
583 4097 661 4144 would
671 4099 732 4144 wall(
743 4097 831 4154 about;
865 4095 949 4144 attend
966 4101 992 4143 to
1003 4095 1067 4143 what
1077 4097 1098 4143 is
1109 4097 1134 4142 in
1148 4094 1230 4142 hand!
1263 4095 1345 4143 When
1360 4111 1395 4143 ne
1411 4111 1453 4158 say

244 4166 382 4214 sometimes
393 4179 452 4212 eren
464 4163 510 4210 call
518 4163 555 4209 his
566 4161 638 4217 slave,
650 4167 676 4209 to
687 4163 740 4223 gire
751 4161 832 4208 orders
864 4166 891 4208 to
901 4177 916 4208 a
928 4175 983 4207 man
996 4165 1002 4186 ⁸
1014 4160 1067 4206 lloc
1077 4159 1138 4220 age,'
1149 4175 1184 4207 ne
1195 4159 1238 4207 tell
1248 4159 1298 4207 him
1309 4167 1334 4207 to
1345 4161 1435 4208 attend.

244 4231 319 4278 about
339 4230 377 4277 his
397 4243 493 4290 supper,
518 4227 667 4288 1suppose;
691 4225 738 4272 and
757 4240 783 4272 so
802 4225 833 4273 he
898 4223 1025 4285 confitere]
1063 4225 1189 4272 llotmann
1211 4229 1257 4285 put
1280 4223 1349 4272 ‘aut’
1372 4225 1454 4272 before

244 4295 336 4344 treated
358 4309 419 4356 your·
442 4293 513 4353 body,
543 4289 643 4352 judices,
666 4289 713 4336 and
735 4289 767 4335 all
788 4289 831 4337 the
866 4289 1015 4345 ‘confitere'
1036 4289 1143 4336 tomake
1155 4287 1288 4346 ‘restitue'
1306 4295 1349 4337 &c
1363 4289 1451 4338 intelli.

244 4359 378 4408 assembled
396 4357 482 4420 people
499 4358 551 4418 just
569 4369 596 4402 as
614 4353 680 4402 ilhe
698 4367 760 4402 were
777 4355 834 4401 ina
867 4354 939 4416 gible.
973 4353 1066 4400 ldon't
1077 4353 1164 4414 clearly
1180 4353 1328 4401 understand
1346 4355 1387 4402 the
1398 4370 1451 4417 pas-

244 4424 336 4487 perleot
347 4421 442 4470 desert!
867 4433 923 4478 sago
935 4417 1066 4473 ‘restitue’
1084 4419 1128 4465 &c
1162 4417 1260 4466 Ernesti
1278 4434 1395 4482 supposes
1411 4421 1452 4469 Ci-

280 4489 406 4536 llotmaun
429 4487 472 4534 has
493 4501 509 4534 a
529 4484 591 4546 good
613 4487 671 4532 note
694 4482 758 4530 here.
793 4481 833 4529 He
865 4497 921 4529 cero
935 4487 962 4529 to
978 4482 1009 4531 be
1025 4481 1142 4545 speaking
1157 4483 1289 4547 honioelly.
1323 4483 1363 4534 He
1378 4489 1454 4532 treats

245 4558 332 4617 quotes
344 4551 479 4605 Quintilian
493 4555 519 4599 to
534 4549 600 4598 mon
614 4549 668 4597 that
683 4547 726 4596 tho
741 4553 833 4596 oraton
866 4546 969 4596 Erucius
979 4562 1007 4595 aa
1017 4563 1032 4596 a
1042 4547 1099 4596 fool.
