3517 5325
741 390 844 456 OAP.
865 396 960 459 3-5.

515 570 759 655 aromaca
773 571 1060 657 diacoposin
1073 585 1204 642 mcc.

673 689 713 755 (c.
724 691 806 742 tuum
815 691 909 741 mcor.
921 693 967 742 vr.
981 699 994 753 t
1006 693 1042 760 a.)

300 791 364 855 lv.
388 790 423 854 Si
438 791 522 855 nulla
535 790 671 876 pecunia
689 800 857 858 numerata
878 801 949 868 est;
975 795 1066 880 cujus
1089 797 1242 881 pecuniae
1265 799 1456 885 quinquage-

256 887 534 953 simaesti’
665 890 685 930 ¹
815 890 835 930 ¹
966 891 986 931 ¹
1116 896 1286 936 *ὓ

621 982 725 1048 (scatia
735 999 757 1034 e.
768 987 809 1035 so.
820 1002 846 1051 p.
860 989 915 1044 178.
926 987 965 1036 aa
978 987 1089 1053 Ruunt.)

301 1084 470 1149 Frumenti
503 1084 660 1148 maximus
689 1108 840 1151 numerus
869 1109 888 1150 e
918 1087 1029 1164 Gallia,
1054 1089 1217 1172 peditatus
1246 1089 1456 1176 amplissimae

256 1182 367 1268 copiae
382 1203 400 1245 e
416 1179 528 1258 Gallia,
544 1181 669 1266 equites
684 1204 814 1246 numero
828 1183 955 1267 plurimi
971 1207 989 1248 e
1004 1185 1119 1249 Gallia.

643 1289 778 1353 (Amen.
789 1293 905 1340 umet.
916 1291 973 1341 xv,
985 1309 1006 1341 ο.
1020 1291 1070 1358 ra.)

302 1378 411 1443 Gallos
425 1377 588 1464 posthaec
603 1378 734 1443 dilutius
748 1401 819 1443 esse
834 1387 978 1465 poturos.

639 1487 772 1552 (ριειιιει.
783 1489 829 1536 vr.
841 1489 924 1538 rums.
936 1489 980 1538 or.
991 1492 1015 1548 s,
1026 1489 1078 1554 cr.)

302 1574 456 1640 Plaetorii
471 1581 616 1656 matrem,
632 1575 709 1639 dum
723 1575 864 1655 vixisset,
880 1577 1011 1654 ludum;
1036 1585 1205 1664 postquam
1220 1588 1347 1646 mortua
1361 1589 1457 1662 esset,

257 1673 430 1760 magistros
443 1673 603 1738 habuisse.

485 1833 574 1897 Pors
587 1833 736 1897 maionis
747 1833 783 1897 io
797 1831 948 1898 codicibus
962 1833 1094 1920 capolia
1106 1843 1237 1900 semoto.

302 1951 346 2016 V.
369 1951 443 2017 Hoc
458 1960 604 2038 praetore
619 1975 801 2038 oppressam
816 1975 887 2018 esse
902 1976 975 2019 aere
989 1955 1091 2020 alieno
1105 1955 1252 2021 Galliam.
1296 1957 1328 2020 A
1345 1956 1459 2042 quibus

257 2071 405 2113 versuras
431 2057 593 2114 tantarum
620 2051 825 2136 pecuniarum
854 2051 957 2115 factas
985 2073 1056 2116 esse
1084 2052 1217 2118 dicunt!
1273 2052 1305 2116 A
1336 2053 1461 2118 Gallist

259 2145 346 2208 Nihil
375 2146 488 2210 minus.
542 2147 574 2209 A
604 2147 719 2232 quibus
751 2147 871 2232 igitur!
926 2149 958 2210 A
989 2147 1109 2212 civibus
1139 2149 1293 2212 Romanis
1321 2149 1375 2234 qui
1405 2173 1460 2214 ne·

258 2241 423 2329 gotiantur
445 2242 477 2306 in
501 2241 616 2306 Gallis.
661 2243 727 2308 Our
751 2265 859 2306 eorum
883 2243 980 2307 verba
1002 2266 1065 2307 non
1090 2245 1244 2320 audimus,
1269 2267 1459 2310 aureorum

259 2340 387 2404 tabulae
420 2340 524 2404 nullae
556 2339 782 2425 proferuntur?
827 2339 974 2403 insector
1010 2341 1095 2404 ultro
1125 2347 1221 2424 atque
1252 2341 1336 2405 insto
1366 2363 1459 2406 accu-

259 2435 366 2512 satori,
397 2436 542 2520 judices:
575 2435 725 2511 insector,
755 2436 893 2520 inquam,
924 2443 959 2500 et
988 2435 1099 2520 flagito
1128 2443 1239 2500 testes.
1294 2435 1372 2502 Plus
1401 2460 1460 2523 ego

257 2532 292 2595 in
320 2533 380 2596 hac
411 2555 526 2596 caussa
550 2532 668 2595 laboris
692 2539 727 2596 et
750 2553 864 2616 operae
888 2554 1039 2596 consumo
1069 2532 1101 2595 in
1125 2533 1293 2618 poscendis
1321 2535 1460 2599 testibus

259 2651 356 2715 quam
386 2629 484 2695 ceteri
508 2629 689 2693 defensores
715 2628 748 2691 in
776 2627 963 2692 refutandis.
1019 2627 1194 2695 Audaciter
1216 2629 1276 2694 hoc
1306 2630 1385 2710 dico,
1409 2631 1460 2715 ju·

257 2710 366 2791 diceet
400 2747 463 2788 non
483 2733 604 2790 temere
628 2725 790 2789 confirmo.
844 2724 975 2789 Referta
1001 2726 1104 2790 Gallia
1133 2728 1368 2811 negotiatorum
1397 2734 1458 2805 est,

292 2920 346 2968 Tha
362 2918 505 2967 ‘adrentus'
524 2932 553 2966 or
561 2919 648 2967 arrival
658 2919 688 2967 of
695 2919 724 2967 1.
736 2918 803 2967 Sulla
818 2920 845 2967 iu
876 2920 921 2968 riri
932 2921 1018 2983 optimi
1034 2926 1108 2983 atque
1122 2921 1255 2979 fortissimi,
1273 2922 1345 2983 legati
1361 2922 1460 2985 amplis·

259 2986 325 3047 Italy
334 2999 384 3031 rraa
400 2984 426 3031 iu
438 2998 490 3032 rac.
503 2985 552 3041 ως
568 2984 647 3031 ulrich
657 2984 717 3031 lixas
732 2984 776 3031 tlte
785 2985 846 3031 time
877 2986 952 3033 simae
962 2991 1036 3049 atqua
1046 2986 1227 3033 honestissimae
1235 2986 1344 3044 civitatia
1356 2988 1461 3035 resistite

259 3048 289 3097 of
298 3048 420 3096 Fonteius'
431 3048 518 3110 legatio
528 3048 554 3094 in
563 3048 637 3110 Spain
654 3046 779 3111 (htrod).
876 3064 921 3113 per
931 3050 989 3099 deos
1005 3050 1152 3098 immortales
1169 3064 1252 3098 eorum
1269 3051 1380 3112 peq'uriis
1397 3052 1460 3112 anu-

293 3115 318 3161 4.
334 3113 414 3160 There
432 3113 487 3160 isa
505 3112 601 3160 mous
616 3112 844 3174 noteoatlaefrag-
876 3114 974 3176 alimus,
987 3128 1090 3177 qnorum
1107 3128 1296 3176 saepenumero
1318 3116 1371 3163 telis
1390 3115 1461 3163 resti·

261 3183 341 3224 ments
362 3177 388 3223 in
409 3176 452 3223 the
473 3176 561 3224 wcoud
580 3176 672 3223 edifica
693 3176 722 3224 of
746 3177 845 3225 Orelli'a
875 3178 984 3227 new

262 3241 354 3289 Cicero.
387 3240 447 3287 This
464 3242 559 3287 oration
577 3241 599 3287 is
617 3240 697 3287 adited
717 3240 749 3302 by
761 3241 844 3298 Halm,
911 3244 934 3289 d.
951 3242 1077 3304 versarat]
1118 3242 1164 3291 See
1182 3242 1238 3291 Vol.
1259 3243 1280 3291 1.
1304 3243 1374 3292 Verr.
1391 3244 1417 3291 ii.
1436 3247 1461 3292 2.

261 3304 609 3365 whohastlrefollorringnote
618 3304 847 3352 a-“Prasterlraec
878 3320 899 3354 c.
911 3308 951 3361 76.

261 3368 395 3429 merita
404 3369 452 3415 alia
461 3383 524 3416 nora
534 3368 692 3429 quadraginta
702 3370 751 3416 tare
762 3384 844 3417 rmus
909 3369 1101 3431 negotiatorum]
1137 3370 1243 3419 SeaVol.
1252 3370 1273 3419 1.
1292 3370 1360 3419 Verr.
1372 3372 1426 3420 Act.
1441 3372 1462 3420 l.

262 3432 445 3493 complectentia
455 3432 532 3480 latere
541 3432 654 3479 dimum
665 3433 691 3479 iu
709 3433 790 3481 codice
800 3434 844 3480 ali·
877 3448 898 3481 c.
911 3434 934 3489 7.
962 3434 1015 3481 The
1026 3434 1216 3494 ‘negotiatores'
1227 3450 1268 3483 are
1278 3436 1330 3483 alao
1339 3436 1463 3484 described

263 3510 319 3558 quo,
330 3510 402 3557 quem
419 3496 560 3543 Theotimus
570 3496 690 3544 Oelilem
702 3496 845 3545 Fnuoofur·
877 3512 904 3545 as
922 3498 979 3560 ‘qui
991 3498 1161 3559 negotimtmss
1179 3500 1204 3546 in
1222 3499 1271 3546 thia
1288 3514 1395 3562 passage,
1414 3500 1462 3547 and

262 3566 334 3607 unus
344 3559 370 3605 in
384 3559 614 3623 coenobioquodam
625 3566 716 3607 uactm
734 3560 846 3609 Rhenani
877 3562 904 3608 in
921 3576 953 3609 an
963 3562 1105 3624 inscription
1124 3561 1262 3623 (Amudell,
1274 3563 1421 3612 Diacoreries
1437 3564 1464 3610 iu

262 3623 380 3671 inferioris
403 3624 505 3680 iurauit,
526 3624 624 3686 quade
649 3638 677 3671 rs
697 3626 797 3685 exposui
819 3625 846 3673 iu
877 3626 1038 3683 AsiaMiuor,
1049 3626 1066 3673 i.
1077 3640 1102 3687 p.
1116 3627 1183 3687 loa),

264 3686 438 3735 Schuddaviui
461 3688 593 3748 Philologo‚
612 3688 644 3735 iv.
663 3702 689 3749 p.
711 3689 760 3743 ³7³
779 3703 846 3749 seqq.
1043 3700 1103 3736 avr:
1121 3702 1253 3736 arnum

263 3751 484 3799 Sdaedmdefuueti
494 3751 568 3798 frater
578 3751 689 3813 ejus,qni
703 3751 761 3799 olim
774 3752 847 3799 rebus
1042 3764 1245 3799 uasorraurva.

262 3815 412 3863 scholasticis
437 3816 463 3863 in
489 3830 552 3877 pago
581 3816 704 3863 Arouiano
734 3814 847 3878 (Kanton
1114 3828 1171 3862 rac

263 3879 355 3941 Mna)
371 3880 523 3941 praepositus
540 3884 599 3935 erat,
616 3894 682 3926 nune
698 3878 848 3926 francum
913 3877 960 3925 We
978 3877 1046 3925 leam
1067 3877 1129 3925 stom
1150 3879 1200 3925 this
1220 3892 1321 3939 passage
1346 3878 1401 3925 that
1421 3878 1465 3927 tlre

263 3943 294 3990 ad
305 3943 423 3991 Moenum
433 3949 578 3991 Μαίων
595 3942 661 3999 facit,
672 3943 778 4003 possidet
794 3943 848 3990 tlte·
882 3941 959 3989 Gallia
971 3941 1094 3989 Provincia
1104 3956 1152 3988 aras
1162 3941 1257 4001 already
1269 3940 1335 3988 filled
1348 3942 1408 3989 with
1421 3942 1464 3990 the

264 4022 411 4069 taurumque
427 4007 536 4055 ducenis
553 4007 630 4053 instar
646 4007 752 4055 custodit
761 4020 847 4067 esper-
880 4004 1193 4066 money-makingltalians.
1219 4004 1464 4053 Ciceroenamerates

264 4076 328 4128 tans,
345 4072 440 4133 opinor,
459 4071 518 4118 dum
534 4070 621 4130 aliquis
638 4070 727 4126 renim,
738 4070 781 4130 qui
798 4070 848 4116 sin·
880 4070 1027 4117 meratina·
1038 4068 1125 4115 &ares
1144 4070 1172 4116 oi
1186 4068 1285 4116 italiana
1295 4070 1350 4116 who
1360 4084 1422 4117 wera
1438 4072 1464 4119 in

263 4135 333 4195 gulos
343 4150 424 4183 rerem
443 4134 549 4182 nummis
563 4134 640 4180 aureis
654 4133 770 4179 redimere
780 4134 847 4180 velit.
879 4134 923 4180 the
935 4132 1066 4188 Provincia,
1077 4132 1110 4178 all
1124 4132 1152 4179 of
1166 4132 1244 4179 whom
1264 4148 1304 4179 are
1326 4134 1463 4183 mentioned

265 4199 348 4247 Unum
370 4204 453 4246 tamen
474 4198 635 4259 fragmentum
651 4196 767 4251 innotuit,
784 4196 848 4257 quod
880 4198 906 4244 iu
924 4196 962 4243 h'm
972 4196 1074 4243 Verrius
1090 4198 1195 4243 oratione
1214 4210 1240 4243 ss
1258 4196 1330 4259 being
1346 4198 1371 4244 in
1384 4198 1463 4262 Sicily,

264 4263 357 4311 Theod.
376 4263 495 4311 Oeltlerus
512 4276 568 4308 cum
588 4260 686 4308 Baitero
705 4274 749 4321 per
766 4260 849 4308 literas
880 4266 966 4321 except
977 4258 1098 4307 thathere
1110 4260 1140 4307 ba
1151 4260 1223 4307 omits
1234 4262 1276 4308 the
1288 4262 1463 4320 ‘mercaturae’

265 4328 490 4375 communicaverat.
524 4326 587 4381 Hoc,
597 4324 674 4371 doum
683 4324 775 4386 reliqum
785 4323 849 4383 frag·
880 4324 928 4370 and
950 4324 977 4371 iu
993 4338 1009 4371 a
1025 4338 1125 4385 passage
1142 4325 1170 4371 of
1184 4324 1225 4372 tlte
1236 4325 1337 4373 Verrius
1358 4328 1463 4377 orations

264 4398 347 4438 menta
366 4392 464 4451 vulgata
480 4394 560 4446 eruut,
575 4394 697 4452 praestare
716 4389 792 4435 uisam
811 4392 849 4435 eat
882 4387 918 4448 (ii.
938 4390 962 4435 3.
980 4403 1001 4436 a
1013 4386 1050 4449 6),
1067 4388 1099 4436 lae
1112 4390 1185 4437 omits
1202 4390 1245 4437 tlte
1263 4391 1438 4453 ‘negotiatores
1448 4394 1463 4451 ;'

265 4454 305 4503 llic
327 4456 354 4503 iu
374 4458 439 4504 notia
455 4460 579 4517 repetere:
607 4453 739 4514 ‘Exurgite
759 4466 849 4514 quaeso
880 4452 1462 4507 autltltauame‘oolonl'doeauotoccurthsre.
