3517 5325
735 511 837 580 OAP.
861 516 999 580 10-12.
1406 517 1470 582 265

266 705 364 771 qnam
378 683 488 749 multis
502 683 787 770 undiquecinctam
796 685 955 770 periculis,
972 707 1036 749 non
1052 693 1177 751 terrore
1192 685 1266 751 belli
1276 687 1333 752 sed
1348 687 1473 752 consilii

267 783 432 848 celeritate
456 782 637 867 explicavit.
696 781 812 847 Testis
832 795 884 847 est
908 783 1031 862 Africa,
1058 805 1139 868 quae
1164 783 1289 868 magnis
1318 807 1472 870 oppressa

266 881 407 946 hostium
434 880 543 965 copiis,
569 901 678 944 eorum
701 881 842 966 ipsorum
865 881 1019 965 sanguine
1044 881 1244 946 redundavit.
1290 883 1398 947 Testis
1421 890 1472 947 est

268 977 381 1057 Gallia,
399 1001 455 1063 per
469 999 565 1063 quam
579 977 757 1062 legionibus
772 977 892 1042 nostris
913 979 974 1042 iter
988 978 1021 1042 in
1037 979 1228 1064 Hispaniam
1246 980 1410 1044 Gallorum
1424 980 1472 1043 in·

267 1076 442 1140 ternicione
464 1076 661 1160 patefactum
683 1082 744 1139 est.
789 1074 898 1140 Testis
920 1083 972 1140 est
996 1075 1165 1162 Hispania,
1181 1099 1263 1162 quae
1286 1077 1471 1163 saepissime

267 1173 419 1258 plurimos
434 1173 544 1238 hostes
559 1173 600 1236 ab
615 1173 676 1236 hoo
696 1184 864 1258 superatos
883 1181 1124 1260 prostratosque
1139 1175 1319 1260 conspexit.
1363 1175 1472 1239 'Pestis

268 1279 317 1336 est
332 1271 447 1336 iterum
462 1279 497 1336 et
511 1271 637 1356 saepius
653 1271 757 1350 ltalia,
775 1293 856 1357 quae
871 1294 970 1357 quum
991 1273 1095 1337 servili
1116 1273 1199 1338 bello
1220 1280 1327 1337 taetro
1350 1273 1472 1358 pericu-

268 1371 397 1454 losoque
408 1371 667 1455 premeretur,-ab
681 1371 741 1434 hoc
756 1370 909 1433 auxilium
918 1371 1051 1435 absente
1062 1371 1237 1457 expetivit3
1256 1371 1341 1456 quod
1355 1370 1473 1434 bellum

268 1467 506 1553 exspectatione
521 1467 591 1552 ejus
616 1474 818 1532 attenuatum
837 1475 934 1552 atque
949 1467 1151 1532 imminutum
1166 1475 1226 1546 est,
1242 1469 1382 1533 adventu
1396 1469 1472 1532 sub-

267 1565 368 1630 latum
382 1587 421 1630 ac
435 1566 605 1650 sepultum.
642 1565 757 1629 Testes
770 1585 854 1629 nuno
869 1587 943 1629 vero
954 1567 1023 1650 jam
1037 1588 1148 1631 omnes
1162 1587 1237 1630 orae
1250 1573 1347 1650 atque
1362 1587 1472 1630 omnes

267 1670 397 1728 exterae
412 1670 525 1748 gentes
547 1684 585 1726 ac
611 1663 765 1741 nationes,
783 1650 919 1748 denique
942 1665 1043 1727 maria
1068 1664 1181 1742 omnia,
1198 1685 1296 1748 quum
1314 1663 1470 1738 universa,

150 1803 153 1810 ι
267 1769 339 1826 tum
364 1761 396 1824 in
420 1759 553 1846 singulis
571 1760 634 1823 oris
658 1781 767 1824 omnes
792 1760 882 1824 sinus
898 1768 996 1846 atque
1018 1768 1142 1848 portus.
1188 1760 1267 1842 Quis
1289 1761 1375 1823 enim
1399 1767 1471 1826 toto

267 1858 348 1922 mari
370 1859 457 1922 locus
481 1879 538 1942 per
559 1858 618 1922 hos
641 1878 741 1922 nrrnos
763 1867 822 1924 cut
846 1865 915 1924 tam
937 1859 1063 1923 firmum
1087 1859 1199 1923 habuit
1218 1859 1410 1945 praesidium
1433 1867 1471 1923 ut

268 1964 360 2021 tutus
374 1963 469 2034 esset,
486 1963 544 2022 sut
569 1963 636 2020 tam
654 1955 715 2020 suit
738 1957 867 2022 abditus
890 1964 929 2021 ut
952 1957 1088 2022 lateret!
1133 1956 1215 2038 Quis
1237 1957 1399 2041 navigavit
1417 1955 1471 2041 qui

268 2075 332 2117 non
353 2075 388 2118 se
410 2061 467 2118 aut
488 2054 602 2119 mortis
620 2061 678 2118 aut
698 2053 863 2120 servitutis
886 2055 1026 2140 periculo
1052 2055 1277 2132 committeret,
1294 2076 1392 2140 quum
1412 2061 1471 2118 aut

268 2151 371 2216 hieme
385 2157 442 2215 aut
464 2151 581 2215 referto
607 2153 801 2237 praedonum
821 2153 902 2224 mari
924 2153 1114 2239 navigaret?
1158 2152 1233 2217 Hoc
1253 2161 1381 2218 tantum
1406 2152 1471 2215 bel·

267 2247 341 2326 lum,
358 2255 425 2313 tam
439 2256 541 2334 turpe,
557 2257 625 2314 tam
639 2258 741 2328 vetus,
758 2257 825 2314 tam
839 2251 906 2315 late
920 2250 1056 2314 divisum
1077 2258 1174 2336 atque
1189 2250 1376 2335 dispersum,
1398 2249 1470 2335 quis

268 2369 416 2432 umquam
430 2347 641 2412 arbitraretur
655 2354 712 2412 eut
734 2349 776 2410 ab
791 2348 938 2411 omnibus
952 2347 1197 2432 imperatoribus
1219 2369 1283 2410 uno
1306 2368 1391 2410 anno
1412 2355 1471 2412 aut

268 2443 410 2508 omnibus
424 2445 515 2508 annis
529 2445 570 2508 ab
585 2466 648 2508 uno
664 2444 852 2528 imperatore
867 2443 981 2508 confici
995 2446 1111 2528 posset
1156 2443 1261 2522 Quam
1275 2442 1470 2527 provinciam

267 2543 415 2608 tenuistis
438 2564 458 2605 a
481 2541 692 2626 praedonibus
717 2541 849 2603 liberam
875 2561 942 2624 per
964 2540 1061 2604 hosce
1080 2541 1202 2602 annosi
1223 2540 1310 2624 quod
1332 2539 1470 2624 vectigal

268 2641 358 2705 vobis
372 2649 479 2706 tutum
494 2637 577 2705 fuiti
599 2659 693 2724 quem
708 2637 829 2703 socium
845 2637 1053 2702 defendistis!
1074 2637 1126 2701 cui
1141 2637 1297 2723 praesidio
1312 2638 1470 2702 classibus

267 2738 384 2803 vestris
406 2738 531 2801 fuistis?
562 2758 658 2822 quam
682 2736 799 2800 multas
831 2736 1026 2800 existimatis
1057 2736 1178 2799 insulas
1205 2758 1279 2799 esse
1304 2737 1470 2801 desertas?

266 2858 361 2921 quam
375 2834 492 2899 multas
507 2842 564 2899 sut
578 2842 665 2898 metu
681 2834 808 2898 relictas
822 2842 879 2899 sut
894 2857 915 2898 a
933 2833 1147 2919 praedonibus
1162 2840 1275 2918 captas
1289 2834 1385 2897 urbes
1399 2856 1469 2898 esse

266 2932 443 2995 sociorum?
488 2932 575 2995 XII.
599 2932 662 2995 Sed
678 2932 753 3017 quid
768 2954 827 3017 ego
843 2932 1017 3016 longinqua
1032 2934 1267 2996 commemoro!
1312 2932 1393 2997 Fuit
1408 2933 1469 2997 hoo

266 3030 434 3115 quondam,
451 3028 513 3094 suit
538 3028 700 3115 proprium
725 3030 830 3115 populi
856 3028 1003 3107 Romani,
1019 3030 1114 3114 longe
1135 3052 1155 3092 a
1178 3030 1271 3093 domo
1295 3030 1412 3093 bellare
1434 3040 1469 3095 et

266 3126 510 3213 propugnaculis
532 3127 654 3211 imperii
676 3127 833 3191 sociorum
857 3127 1013 3203 fortunas,
1029 3148 1093 3190 non
1114 3148 1173 3189 sua
1187 3133 1276 3191 tecta
1291 3127 1467 3192 defendere.

268 3226 370 3290 Sociis
381 3248 441 3310 ego
456 3225 575 3289 nostris
596 3246 682 3289 mare
703 3248 759 3310 per
773 3226 831 3289 hos
846 3247 947 3289 annos
962 3224 1104 3289 clausum
1120 3224 1224 3288 dicam
1239 3224 1347 3302 fuisse,
1371 3248 1468 3311 quum

266 3324 427 3388 exercitus
437 3324 535 3388 vestri
551 3344 720 3408 numquam
735 3346 755 3386 a
770 3322 940 3387 Brundisio
955 3322 1016 3386 nisi
1031 3322 1134 3386 hieme
1149 3344 1272 3386 summa
1286 3324 1468 3388 transmise-

266 3422 352 3486 rint!
397 3420 459 3502 Qui
484 3422 526 3485 ad
549 3444 605 3485 vos
627 3422 668 3485 ab
695 3422 814 3487 exteris
839 3421 1022 3486 nationibus
1036 3420 1181 3485 venirent
1204 3428 1318 3507 captos
1343 3444 1465 3507 querar,

267 3540 363 3605 quum
386 3518 484 3604 legati
508 3518 614 3605 populi
630 3518 766 3582 Romani
791 3518 947 3605 redempti
965 3518 1053 3583 sinti
1098 3518 1336 3583 Mercatoribus
1360 3528 1469 3585 tutum

265 3638 352 3681 mare
367 3638 431 3681 uon
452 3616 679 3695 immodicam,
696 3638 793 3702 quum
817 3616 986 3681 duodecim
999 3638 1128 3681 secures
1147 3618 1180 3681 in
1203 3618 1397 3703 praedonum
1412 3641 1468 3703 po·

299 3827 470 3891 internicione]
489 3826 673 3875 ‘internicione'
681 3826 700 3873 is
709 3826 848 3873 considered
880 3830 947 3888 parts
958 3826 1193 3890 (Appian‚Mithrid.
1205 3842 1225 3873 c.
1238 3826 1290 3889 93).
1322 3826 1468 3887 Navigation

266 3896 292 3940 to
303 3892 522 3947 bethetrueiornr,
534 3892 597 3939 like‘
607 3890 740 3953 perniciss.'
776 3890 848 3937 Halm
881 3906 930 3937 πυ
940 3898 984 3937 not
1000 3892 1050 3938 sate
1060 3892 1121 3938 from
1138 3891 1180 3937 the
1193 3892 1281 3951 pirates
1292 3892 1318 3937 in
1332 3891 1374 3937 the
1383 3892 1468 3938 winter

265 3957 339 4005 refers
349 3962 375 4003 to
386 3957 428 4003 the
439 3962 508 4004 notes
519 3958 544 4003 in
561 3956 712 4003 Schneider's
723 3954 813 4002 edition
824 3954 852 4002 oi
882 3956 959 4016 (Dion
971 3954 1076 4011 Cassius,
1088 3956 1127 4002 33.
1145 3970 1165 4001 c.
1183 3956 1219 4016 4).
1253 3955 1318 4001 Both
1334 3954 1377 4002 tho
1393 3955 1467 4001 iorms

266 4022 308 4069 the
320 4021 396 4067 Gallie
407 4036 454 4067 war
466 4019 507 4084 (B.
520 4020 550 4068 G.
560 4021 575 4067 i.
589 4022 631 4076 13;
648 4020 673 4067 ii.
686 4018 738 4083 28).
881 4019 1043 4067 Brundusium
1063 4019 1111 4065 and
1129 4018 1283 4065 Brundisium
1299 4034 1371 4065 occur
1385 4019 1410 4065 in
1424 4020 1468 4067 the

274 4104 277 4111 ·
299 4090 349 4133 tam
371 4086 459 4147 ectus]
485 4084 544 4132 This
573 4084 682 4145 piratiosl
706 4099 754 4131 war
781 4098 847 4130 oom-
880 4083 954 4131 MSS.
987 4082 1450 4144 Brundisiumoccnrsoninscriptions.

265 4150 374 4207 menced,
396 4164 422 4197 as
441 4149 514 4196 Halm
537 4148 651 4203 remarks,
671 4154 760 4209 twenty
779 4162 847 4209 years
913 4146 1040 4195 duodecim
1060 4146 1169 4207 secures]
1195 4147 1306 4193 Plutarch
1330 4148 1426 4209 (Pomp.
1444 4164 1466 4195 c.

266 4214 356 4271 before,
374 4214 399 4260 in
417 4214 459 4260 the
477 4212 617 4275 consulship
634 4212 661 4259 oi
676 4212 721 4258 Cn.
734 4212 848 4259 Octavius
882 4210 924 4273 nt)
936 4210 1023 4273 speaks
1039 4210 1068 4258 of
1082 4217 1130 4258 two
1143 4216 1251 4272 praetore
1267 4211 1339 4273 being
1349 4212 1422 4258 talren
1433 4212 1468 4275 by

265 4280 312 4326 and
325 4278 354 4325 L.
370 4276 462 4335 Cinua3
478 4276 526 4323 and
537 4276 568 4323 he
578 4276 637 4323 adds
652 4276 705 4321 that
724 4276 848 4322 Drumsnn
881 4276 923 4323 the
934 4276 1030 4336 pirates,
1043 4274 1153 4337 together
1168 4275 1227 4323 with
1243 4276 1306 4323 their
1321 4276 1410 4323 lictors.
1443 4278 1468 4325 A

266 4342 423 4405 (Geschichte
442 4339 711 4397 transissemus
736 4338 848 4399 careiully
882 4345 978 4399 praetor
995 4347 1039 4387 out
1055 4342 1081 4386 ot
1096 4340 1139 4387 the
1161 4341 1210 4401 city
1230 4356 1278 4388 was
1294 4340 1411 4403 preceded
1433 4340 1467 4402 by

264 4408 360 4454 written
371 4407 413 4453 the
424 4406 515 4467 history
527 4404 554 4451 oi
562 4405 589 4451 it.
882 4404 918 4451 six
936 4404 1033 4462 lictors3
1050 4404 1098 4452 and
1113 4406 1139 4451 in
1150 4404 1192 4451 the
1208 4404 1257 4467 city
1268 4404 1300 4467 by
1311 4411 1359 4451 two
1375 4404 1467 4459 lictors,

299 4472 337 4519 ln.
355 4487 370 4517 a
390 4469 537 4531 Brundisio]
556 4468 609 4516 'l'he
624 4468 692 4515 usual
709 4480 808 4529 passage
825 4470 850 4514 to
882 4466 944 4514 aster
962 4467 1005 4515 the
1029 4468 1079 4517 Lex
1102 4468 1229 4517 Plaetoria.
1267 4470 1320 4517 The
1339 4469 1417 4516 words
1440 4470 1469 4517 ot

264 4535 307 4582 the
319 4535 378 4583 llast
389 4535 421 4597 by
432 4550 473 4582 ses
483 4550 531 4582 was
546 4533 609 4582 from
623 4532 784 4587 Brundisium.
801 4530 848 4579 and
881 4531 931 4579 this
943 4530 1096 4580 Plebisciturn
1109 4548 1151 4581 are
1161 4534 1251 4595 quoted
1268 4534 1300 4596 by
1311 4533 1466 4591 Censorinus,

263 4600 307 4649 the
317 4600 405 4662 pirates
421 4598 525 4648 iniested
540 4614 600 4647 eren
614 4598 656 4646 the
671 4612 724 4646 sess
739 4596 765 4644 in
780 4595 849 4645 those
882 4596 921 4645 De
935 4595 974 4645 die
992 4598 1074 4646 Natel.
1086 4599 1133 4647 24:
1149 4598 1273 4647 “Praetor
1290 4599 1406 4657 mnus,
1423 4598 1466 4663 qui
