3517 5325
328 521 464 596 ORAT.
491 523 583 595 PRO
607 527 650 598 A.
674 525 915 598 GLUENTIO
939 531 1120 598 HABITO
1143 531 1245 598 OAP.
1270 535 1300 597 1.
1353 536 1417 601 293

208 695 303 764 modo
319 699 556 765 consuetudinis
571 723 684 767 caussa
698 703 808 768 timide
830 710 865 768 et
882 702 1061 768 diffidenter
1078 702 1239 789 attingere
1260 703 1416 769 rationem

208 797 351 863 veneficii
377 799 563 875 criminum
590 822 652 886 qua
675 801 715 864 de
738 823 772 864 re
791 801 861 886 lege
891 807 942 864 est
964 801 1043 864 haee
1062 802 1205 886 quaestio
1229 801 1416 866 constitute.

211 894 325 982 Itaque
354 896 431 960 mihi
455 903 578 961 certum
604 905 656 962 est
681 897 761 962 hano
785 898 919 962 eandem
945 897 1202 963 distributionem
1223 898 1358 962 invidiae
1380 905 1415 961 et

209 993 374 1056 eriminum
397 993 443 1056 sio
467 993 500 1056 in
519 993 700 1058 defensione
722 1016 856 1070 servare,
874 1002 912 1058 ιιι
934 1017 1044 1058 omnes
1065 995 1243 1080 intelligant
1264 993 1342 1056 nihil
1362 1015 1415 1057 me

208 1111 267 1154 neo
292 1090 512 1176 subterfugere
538 1091 672 1155 voluisse
698 1091 861 1156 reticendo
886 1113 945 1155 neo
969 1093 1138 1156 obscurare
1159 1091 1304 1155 diceudo.
1350 1089 1415 1154 Sed

208 1209 305 1272 quum
320 1188 485 1252 considero
494 1189 652 1273 quomodo
667 1189 743 1253 milri
759 1189 792 1252 in
807 1198 942 1274 utraque
955 1211 990 1252 re
1005 1189 1049 1254 sit
1063 1189 1299 1264 elaborandum,
1311 1187 1414 1252 altera

208 1307 283 1370 pars
311 1293 346 1349 et
374 1308 413 1350 ea
438 1309 518 1372 quae
547 1287 674 1372 propria
696 1295 747 1352 est
769 1287 882 1372 judicii
905 1287 1004 1351 vestri
1029 1295 1063 1350 et
1088 1287 1249 1371 legitimae
1271 1284 1413 1350 venelieii

208 1383 412 1468 quaestionis,
428 1405 485 1469 per
498 1384 575 1448 mihi
590 1384 696 1450 brevis
716 1395 750 1449 et
771 1407 835 1448 non
850 1406 987 1470 magnae
1001 1385 1034 1447 in
1050 1383 1184 1448 dicendo
1198 1383 1414 1447 contentionis

207 1481 276 1546 iore
290 1481 424 1558 videtur,
441 1481 673 1557 alternantem,
690 1503 770 1567 quae
785 1482 952 1567 proculab
971 1481 1091 1565 judicio
1113 1487 1237 1544 remota
1253 1486 1313 1557 est,
1330 1497 1412 1563 quae
1482 1479 1487 1488 ’

206 1579 406 1642 contionibus
420 1579 572 1643 seditiose
586 1579 754 1643 concitatis
768 1577 1039 1642 accommodatior
1057 1585 1109 1642 est
1123 1598 1219 1662 quam
1233 1575 1411 1660 tranquillis

206 1675 441 1760 moderatisque
452 1676 591 1760 judiciis,
615 1675 772 1762 perspicio
789 1685 944 1762 quantum
959 1675 991 1739 in
1011 1675 1135 1758 agendo
1158 1673 1355 1737 difficultatis
1376 1679 1411 1736 et

206 1780 360 1858 quantum
379 1773 495 1836 laboris
518 1773 562 1838 sit
585 1773 745 1838 habitura.
790 1774 854 1837 Sed
874 1773 906 1836 in
925 1773 985 1838 hae
1007 1770 1194 1836 difficultate
1215 1770 1269 1834 illa
1285 1792 1337 1834 me
1359 1791 1411 1834 res

206 1877 322 1946 tamen
336 1870 471 1953 judices,
487 1871 676 1946 consolatur,
694 1872 778 1956 quod
794 1893 849 1934 vos
872 1870 912 1934 de
934 1870 1116 1934 criminibus
1138 1869 1185 1932 sie
1206 1867 1314 1931 audire
1335 1888 1409 1930 oon-

206 1967 323 2032 suestis
337 1975 373 2032 ut
387 1989 495 2032 eorum
511 1990 635 2033 ornnem
651 1969 890 2034 dissolutionem
904 1969 945 2032 ab
960 1975 1087 2033 oratore
1102 1965 1272 2052 quaeratis,
1289 1973 1327 2030 ut
1346 1987 1410 2028 non

197 2064 395 2130 ,existimetis
417 2065 487 2150 plus
502 2087 558 2130 vos
572 2067 613 2130 ad
628 2066 761 2130 salutem
776 2088 831 2130 reo
846 2066 953 2149 largiri
976 2072 1123 2151 oportere
1144 2085 1240 2150 quarn
1254 2071 1410 2149 quantum

206 2161 351 2226 defensor
362 2164 536 2249 purgandis
550 2163 732 2228 criminibus
742 2163 892 2249 consequi
907 2172 942 2228 et
950 2163 1084 2228 dicendo
1099 2163 1234 2248 probare
1244 2160 1405 2245 potueritt

205 2258 244 2321 de
259 2259 377 2322 invidia
390 2269 498 2324 autem
507 2260 553 2324 sie
567 2261 652 2325 inter
666 2281 725 2324 nos
736 2261 915 2344 disceptare
926 2260 1059 2333 debetis,
1068 2269 1178 2324 utnon
1193 2259 1268 2343 quid
1284 2258 1409 2321 dicatur

204 2376 225 2419 a
239 2354 339 2432 uobis,
355 2357 410 2420 sed
425 2357 501 2442 quid
516 2363 662 2442 oporteat
674 2355 746 2431 dici,
759 2355 977 2421 consideretis.
1023 2355 1145 2440 Agitur
1159 2355 1242 2418 enim
1257 2355 1289 2416 in
1304 2352 1408 2418 crimi-

204 2452 297 2516 nibus
312 2454 355 2517 A.
372 2453 508 2518 Oluentii
524 2453 684 2538 proprium
699 2453 884 2538 periculum,
900 2452 933 2514 iu
954 2451 1071 2514 invidia
1092 2473 1206 2516 caussa
1220 2448 1407 2514 communis.

206 2549 416 2631 Quamobrem
431 2551 565 2616 alteram
580 2556 703 2635 partem
726 2569 856 2612 caussae
878 2547 924 2610 sie
945 2568 1077 2631 agemus
1097 2555 1206 2613 utros
1227 2546 1406 2620 doceamus,

202 2648 335 2713 alteram
360 2648 407 2711 sie
438 2653 474 2710 ut
500 2668 633 2711 oremus.
680 2645 718 2709 In
742 2645 843 2709 altera
862 2642 1027 2728 diligentia
1051 2651 1158 2709 vestra
1178 2643 1271 2708 nobis
1294 2643 1407 2728 adjun-

202 2747 308 2831 genda
323 2752 384 2823 est,
401 2744 433 2807 in
447 2744 548 2807 altera
562 2744 642 2807 fides
656 2742 861 2827 imploranda.
908 2741 1010 2805 Nemo
1029 2748 1081 2807 est
1102 2742 1186 2805 enim
1201 2742 1255 2828 qui
1269 2741 1405 2806 invidiae

201 2960 303 3017 dedant.
323 2961 395 3023 quive
421 2961 509 3009 falsum
535 2962 702 3011 testimonium
729 2963 786 3012 dolo
819 2960 882 3010 been
900 2962 926 3008 in
941 2959 1087 3009 themselves
1097 2960 1194 3023 equally
1203 2960 1403 3023 importantaod

201 3027 266 3075 malo
285 3026 380 3083 dixerit,
391 3041 439 3088 quo
457 3028 512 3089 qnia
530 3028 626 3091 publieo
643 3027 734 3089 jndicio
750 3028 786 3075 rei
819 3026 878 3075 both
889 3041 952 3073 vere
961 3025 1049 3087 legally
1060 3026 1168 3073 founded
1178 3040 1210 3073 on
1229 3026 1273 3073 the
1289 3026 1334 3073 lavv
1343 3040 1402 3087 pur-

202 3091 311 3153 eapitalis
322 3090 483 3149 damnetur,
495 3092 567 3155 quive
583 3093 736 3154 magistratus
745 3092 785 3153 ju·
818 3097 891 3139 auant
912 3096 938 3139 to
957 3090 1036 3137 which
1052 3090 1095 3137 the
1114 3090 1243 3151 judgntent
1260 3106 1309 3138 svaa
1327 3096 1354 3137 ιο
1370 3090 1402 3138 be

202 3156 278 3203 dexve
301 3156 449 3217 quaestionis
467 3156 513 3203 sub
532 3158 659 3219 capitalem
676 3172 785 3205 caussam
817 3155 1010 3219 given-There
1024 3155 1088 3201 iano
1099 3156 1248 3217 meaningat
1264 3155 1297 3203 all
1306 3155 1332 3201 iu
1342 3154 1401 3203 thia.

202 3220 786 3348 numennumenee:
817 3218 1401 3346 statuerumt&

204 3348 434 3397 Klota’saaaertion.
469 3351 493 3399 lt
512 3352 620 3398 contains
638 3366 670 3398 no
686 3351 784 3413 penalty
816 3348 1029 3397 containedafaet
1047 3352 1074 3395 ιο
1091 3347 1122 3395 be
1140 3348 1246 3409 provodt
1262 3348 1342 3396 andis
1355 3358 1400 3396 not

203 3414 295 3475 against
305 3414 347 3461 tlte
358 3414 445 3463 briber.
472 3414 588 3462 Nordoes
599 3416 642 3463 the
653 3416 782 3477 follovving,
815 3414 913 3476 proved,
924 3414 1034 3461 theman
1053 3418 1119 3461 muat
1136 3412 1167 3461 be
1183 3413 1312 3477 aequitted.
1345 3413 1399 3460 ΤΙιο

203 3478 280 3525 which
291 3478 322 3525 he
333 3478 391 3526 cites
410 3494 437 3527 as
451 3480 620 3542 confirmatory
631 3480 659 3527 ol
675 3480 718 3527 tha
728 3495 783 3541 paa-
815 3494 908 3527 ansner
918 3483 945 3525 to
956 3478 999 3525 the
1009 3476 1254 3539 calumnyabontthe
1264 3478 1398 3526 Jnniaourn

203 3556 260 3602 aage
278 3542 306 3589 oi
323 3542 468 3600 Marcianus,
482 3544 544 3591 from
565 3544 652 3592 Paulus
669 3544 781 3607 (Recept
814 3543 830 3591 J
833 3544 971 3591 udioinmis
988 3558 1019 3590 au
1036 3556 1129 3590 anessa·
1139 3549 1165 3590 ιο
1176 3558 1191 3589 a
1200 3542 1249 3589 lact
1260 3542 1338 3589 vhieh
1349 3558 1397 3590 vas

204 3606 270 3654 Sent.
283 3622 304 3651 v.
317 3608 356 3653 23.
376 3610 443 3665 §l):
462 3608 537 3656 “hu
551 3608 663 3657 Cornelia
679 3624 781 3671 poenam
814 3614 859 3656 not
869 3616 897 3656 ιο
907 3608 938 3655 be
957 3607 1057 3669 proved,
1075 3606 1179 3669 perhaps
1189 3606 1261 3654 could
1277 3613 1322 3653 not
1337 3607 1398 3655 have

202 3670 376 3732 deportationis
388 3672 475 3733 infligit
487 3673 573 3736 eisqui
585 3674 707 3721 hominem
718 3674 781 3720 oeci-
813 3671 875 3721 been
887 3672 985 3734 proved,
996 3686 1056 3720 even
1070 3672 1092 3719 ii
1104 3671 1125 3718 it
1140 3686 1202 3719 vere
1218 3678 1287 3728 unet
1303 3670 1349 3718 but
1358 3671 1398 3717 for

203 3734 290 3789 derint,
302 3734 400 3796 ejusque
420 3738 455 3784 rei
474 3752 557 3785 caussa
575 3737 663 3785 furtive
681 3738 781 3785 laciendi
814 3737 867 3784 that
877 3752 964 3784 raason
973 3737 994 3783 it
1001 3751 1050 3782 vaa
1059 3736 1102 3782 the
1108 3736 1179 3796 thing
1189 3734 1243 3781 that
1253 3735 1338 3782 Cicero
1348 3733 1397 3781 had

201 3814 256 3847 cum
274 3798 323 3845 telo
340 3798 437 3857 moine,
448 3802 526 3863 etqui
540 3816 658 3849 venenum
677 3802 781 3849 hominis
813 3806 840 3847 ιο
857 3800 962 3848 ωοιοιιιι
981 3801 1077 3860 against
1096 3807 1159 3846 most
1177 3799 1321 3860 vigoronsly.
1356 3798 1397 3845 He

202 3863 304 3911 meandi
322 3878 405 3911 mussa
423 3866 558 3922 habuerint,
569 3866 727 3923 vendiderint,
739 3882 781 3928 pa-
814 3864 861 3911 hsd
872 3872 900 3911 to
909 3878 1005 3911 remove
1023 3878 1038 3909 a
1048 3863 1169 3925 prejudies
1179 3862 1241 3909 from
1257 3863 1300 3908 the
1317 3861 1397 3909 minda

201 3929 313 3984 ravarint,
325 3928 411 3975 salsum
430 3930 593 3979 testinnonium
612 3930 716 3977 dixerint
734 3944 783 3991 quo
815 3928 844 3977 oi
858 3929 900 3975 the
918 3927 1034 3987 ‘iudioes'
1054 3927 1135 3973 before
1146 3927 1177 3973 he
1187 3926 1258 3973 could
1273 3924 1348 3986 aatcly
1357 3925 1395 3971 in-

201 3993 782 4108 &managffinpeemne
815 3982 1398 4105 uttu'thtttu‘ttttttit

286 4072 325 4105 eo
372 4073 412 4115 on,
423 4074 445 4105 c.
491 4093 497 4115 ,
542 4094 548 4106 .
987 4070 1008 4102 ta
1128 4070 1143 4101 e

236 4122 309 4169 Klotz
331 4122 419 4170 diuite
438 4124 492 4171 that
511 4124 594 4171 Cicero
613 4123 639 4169 in
664 4122 707 4169 the
730 4122 784 4169 first
814 4126 910 4183 reposta
920 4120 953 4181 (c.
964 4118 1016 4182 oe).
1190 4070 1204 4115 y

201 4184 299 4247 chapter
310 4186 392 4234 denies
409 4188 463 4235 that
479 4188 522 4235 the
539 4188 607 4234 affair
621 4186 649 4234 oi
666 4187 708 4233 the
724 4185 780 4233 trial
841 4200 886 4232 aoa
902 4183 1052 4245 disceptare]
1076 4186 1136 4229 ‘noa
1154 4179 1304 4242 diaoeptara'
1317 4180 1344 4229 Ρ.
1356 4181 1394 4229 Μ.

201 4248 281 4298 belota
300 4250 389 4299 Juniua
411 4266 459 4299 was
478 4268 494 4299 a
514 4256 569 4313 part
590 4250 618 4297 ol
633 4253 676 4297 the
694 4249 781 4309 charge
814 4249 911 4297 Baiter:
928 4254 985 4295 ‘vos
1000 4246 1150 4309 disoeptare,'
1163 4245 1275 4301 S.T.F.,
1289 4245 1396 4297 Classen.

200 4314 294 4375 against
311 4315 447 4372 Cluentius,
463 4316 509 4363 but
520 4316 604 4363 Cicero
615 4315 672 4362 does
686 4314 744 4370 this,
755 4328 782 4361 as
815 4313 931 4361 Garatoni
941 4312 1052 4360 observes
1062 4311 1105 4358 the
1114 4310 1213 4359 Jndioas
1228 4312 1316 4357 “inter
1326 4325 1396 4358 aoen·

202 4378 275 4427 Klotz
297 4394 360 4441 says,
377 4387 403 4429 to
420 4381 484 4429 draev
503 4380 546 4427 tha
563 4380 681 4427 ettennon
699 4378 726 4425 oi
739 4378 782 4425 the
814 4384 918 4425 satorem
937 4383 963 4424 et
979 4391 1048 4424 reum
1064 4374 1262 4437 disceptabant;”
1279 4374 1327 4421 aod
1342 4376 1398 4423 that

199 4444 299 4493 Jnuieee
310 4450 337 4492 ιο
348 4444 391 4493 the
397 4452 452 4508 part
463 4444 490 4491 ol
499 4443 639 4505 theoberga
648 4442 726 4490 which
734 4456 782 4489 ovas
814 4442 857 4489 the
868 4442 946 4488 vvords
957 4446 989 4488 ‘a
998 4440 1086 4497 uobis,’
1099 4441 1176 4487 vhich
1187 4438 1276 4494 follow,
1287 4439 1359 4502 apply
1369 4445 1397 4488 ιο

200 4508 273 4570 easily
290 4508 393 4567 rsiuted,
410 4524 437 4557 as
456 4508 477 4557 ii
493 4509 513 4559 u
531 4522 594 4556 vare
613 4508 655 4555 the
666 4506 783 4570 principat
815 4507 899 4555 Attius
914 4506 963 4554 and
973 4505 1076 4562 Tullius,
1087 4504 1125 4553 ior
1141 4504 1199 4567 they
1210 4504 1290 4551 would
1307 4504 1338 4553 bs
1353 4504 1397 4553 ab·

200 4578 297 4633 matter,
320 4574 413 4637 though
435 4572 496 4623 both
521 4572 620 4636 charges
640 4576 706 4622 must
723 4572 784 4621 have
816 4570 977 4634 surdmtnoy
986 4570 1083 4634 applied
1093 4568 1301 4633 onlyto'l'ulliua.
