3517 5325
348 477 412 550 184,
568 469 704 536 ORAT.
729 469 820 535 PRO
845 469 895 534 M.
920 467 1126 534 FONTEIO
1150 467 1252 535 OAP.
1277 470 1331 534 21.

346 643 475 708 easdem
490 662 568 728 quas
582 664 639 727 pro
654 641 744 705 vobis
758 639 820 704 diis
833 639 1066 706 immortalibus
1081 639 1211 705 tendere
1227 638 1414 713 consuevit;
1439 645 1551 706 cavete

345 763 385 805 ne
399 739 612 826 periculosum
626 739 859 824 superbumque
874 737 918 802 sit
933 738 1003 822 ejus
1022 759 1079 801 vos
1100 738 1353 804 obsecrationem
1373 738 1550 823 repudiare,

346 840 437 923 cujus
458 858 570 923 preces
594 836 622 900 si
647 836 691 899 dii
712 843 967 923 aspernarentur,
999 835 1078 899 haec
1107 835 1195 900 salva
1220 859 1292 901 esse
1317 858 1381 901 non
1407 845 1550 922 possent.

349 934 518 1000 Videtisne
530 933 647 1010 subito,
660 931 795 1017 judices,
806 933 908 996 virum
919 931 1138 1010 fortissimum,
1151 931 1199 997 M.
1214 933 1395 1014 Fonteium,
1408 935 1552 1020 parentis

347 1041 383 1098 et
403 1031 521 1096 sororis
543 1032 843 1096 commemoratione
865 1031 1012 1094 lacrimas
1038 1031 1237 1116 profudisset
1292 1031 1354 1113 Qui
1379 1054 1552 1118 numquam

346 1131 379 1195 in
393 1130 461 1195 acie
476 1129 684 1221 pertimuerit,
700 1128 755 1214 qui
769 1151 804 1192 se
818 1135 963 1194 armatus
981 1150 1077 1214 saepe
1097 1128 1130 1192 in
1147 1128 1287 1194 hostium
1301 1151 1430 1194 manum
1444 1130 1551 1196 multi·

345 1229 550 1313 tudinemque
565 1227 740 1305 immiserit,
757 1249 855 1312 quum
869 1227 903 1290 in
917 1227 1072 1310 ejusmodi
1093 1227 1241 1312 periculis
1258 1229 1371 1293 eadem
1384 1250 1420 1292 se
1434 1229 1550 1293 solatia

347 1327 414 1392 suis
435 1327 612 1411 relinquere
635 1325 846 1390 arbitraretur
865 1346 946 1410 quae
966 1345 1043 1388 suus
1064 1331 1156 1410 pater
1178 1325 1239 1388 sibi
1258 1325 1447 1411 reliquisset,
1465 1325 1550 1392 idem

346 1447 430 1489 nunc
453 1423 645 1489 conturbato
668 1422 774 1486 auimo
796 1421 1006 1508 pertimescit,
1033 1444 1073 1486 ne
1097 1445 1160 1486 non
1183 1423 1278 1488 modo
1304 1433 1490 1490 ornamento
1514 1433 1549 1491 et

346 1523 532 1606 adjumento
554 1543 619 1584 non
638 1520 682 1584 sit
701 1520 850 1596 suissed
871 1519 969 1584 etiam
992 1541 1063 1583 curn
1078 1521 1280 1586 acerbissimo
1297 1522 1387 1588 luctu
1410 1523 1548 1588 dedecus

346 1627 512 1684 aeternum
532 1618 655 1682 miseris
668 1634 765 1703 atque
784 1617 990 1704 ignominiam
1010 1619 1177 1706 relinquet.
1224 1622 1252 1685 Ο
1272 1621 1432 1686 fortunam
1454 1621 1549 1708 longe

346 1717 513 1802 disparem,
535 1716 584 1778 M.
601 1715 729 1792 Fontei,
743 1716 771 1780 si
786 1716 926 1802 deligere
940 1715 1112 1803 potuisses,
1128 1725 1166 1782 ut
1187 1719 1294 1804 potius
1308 1719 1382 1784 telis
1396 1719 1456 1784 tibi
1472 1719 1549 1783 Gal·

346 1814 448 1878 lcrum
471 1835 566 1898 quam
586 1813 735 1898 perjuriis
756 1813 978 1878 intereundum
1004 1823 1099 1880 esset.
1147 1816 1230 1880 Tum
1251 1816 1335 1880 enim
1356 1817 1440 1883 vitae
1461 1818 1549 1883 socia

346 1911 458 1989 virtus,
495 1911 610 1974 mortis
641 1932 749 1974 comes
776 1911 880 1995 gloria
908 1911 1041 1987 luisset3
1080 1935 1164 1978 nunc
1193 1935 1268 1978 vero
1297 1915 1351 2000 qui
1380 1924 1431 1981 est
1459 1915 1549 1980 dolor

345 2009 497 2073 victoriae
511 2016 546 2074 te
560 2015 656 2094 atque
671 2007 794 2094 imperii
814 2031 934 2094 poenas
955 2011 996 2074 ad
1017 2032 1126 2076 eorum
1148 2013 1316 2078 arbitrium
1335 2014 1476 2095 sufferre,
1493 2016 1548 2102 qui

346 2114 405 2171 aut
426 2106 502 2172 victi
523 2106 620 2170 armis
641 2114 716 2171 sunt
737 2114 795 2171 aut
817 2106 997 2172 invitissimi
1022 2113 1219 2194 paruerunt!
1263 2111 1296 2176 A
1322 2134 1385 2198 quo
1407 2114 1547 2199 periculo

346 2203 516 2283 defendite,
544 2205 677 2288 judices,
709 2205 811 2268 civem
839 2205 955 2270 fortem
984 2213 1081 2292 atque
1111 2207 1330 2274 innocentem:
1370 2221 1480 2277 curate
1509 2221 1547 2292 ut

345 2303 465 2368 nostris
493 2303 630 2368 testibus
651 2303 722 2389 plus
745 2326 841 2390 quam
862 2304 1049 2391 alienigenis
1071 2307 1243 2372 credidisse
1266 2308 1452 2384 videamini;
1476 2311 1547 2396 plus

344 2497 415 2581 ejus
430 2497 684 2562 obsecrationem
699 2521 779 2585 quae
800 2500 916 2565 vestris
937 2499 1037 2566 sacris
1060 2503 1190 2587 praesit,
1207 2526 1301 2589 quam
1322 2528 1429 2570 eorum
1451 2509 1546 2573 auda-

344 2595 424 2658 ciam
439 2594 579 2681 quicum
594 2597 734 2660 omnium
748 2599 848 2663 sacris
863 2598 1065 2685 delubrisque
1079 2600 1161 2665 bella
1171 2611 1359 2687 gesserunt:
1384 2614 1545 2691 postremo

344 2693 528 2778 prospicite,
549 2693 682 2777 judices,
699 2695 732 2759 id
746 2699 830 2783 quod
845 2699 888 2761 ad
912 2698 1101 2784 dignitatem
1123 2701 1231 2785 populi
1254 2701 1389 2767 Romani
1409 2706 1546 2771 maxime

343 2792 492 2876 pertinet,
508 2800 546 2857 ut
560 2792 630 2877 plus
644 2794 728 2878 apud
742 2817 799 2860 vos
813 2818 925 2881 preces
938 2796 1069 2883 virginis
1085 2796 1228 2864 Vestalis
1242 2822 1336 2886 quam
1350 2802 1455 2868 minae
1470 2803 1546 2869 Gal-

342 2888 445 2953 lorum
459 2887 595 2954 valuisse
610 2891 784 2959 videantur.

374 3067 529 3127 ueneram]
548 3066 630 3115 Klotz.
642 3067 686 3115 has
697 3070 704 3096 ⁴
714 3068 844 3130 gesserint’
855 3068 881 3116 in
893 3069 930 3119 ed.
942 3072 972 3130 23
989 3072 1039 3120 and
1050 3072 1062 3121 l
1075 3072 1145 3121 think
1157 3074 1211 3123 that
1221 3076 1241 3123 it
1251 3076 1339 3125 should
1351 3076 1382 3126 be
1394 3067 1545 3141 ‘gesaednt'
