3517 5325
299 438 305 448 ’
355 491 418 553 eoa
665 484 800 551 onan.
825 483 916 549 rao
938 483 982 550 A.
1006 481 1244 550 onunmro

356 657 617 722 consuetudinem·
627 655 753 742 penitus
768 652 932 732 immersit,
944 653 1138 742 Oppianicus
1148 654 1299 720 continuo
1310 677 1441 742 sperare
1451 656 1567 741 coepit

358 756 418 818 hoc
442 757 475 818 se
500 754 625 834 Avillio,
651 762 813 838 tamquam
835 754 942 839 aliqua
965 753 1113 817 machina
1136 754 1275 832 admota,
1303 776 1418 840 capere
1443 753 1563 816 Asuvii

358 852 603 916 adolescentiam
627 860 661 917 et
688 854 834 914 fortunas
858 853 928 935 ejus
953 851 1075 937 patrias
1099 874 1282 937 expugnare
1307 875 1412 937 posse.
1459 852 1562 916 Ratio

357 949 540 1033 excogitata
563 949 670 1012 Larini
686 956 746 1028 est,
762 971 815 1013 res
830 948 987 1013 translata
1002 949 1148 1012 Romam.
1193 950 1270 1012 lniri
1285 950 1369 1013 enim
1390 950 1563 1013 consilium

355 1045 477 1109 facilius
497 1047 529 1109 in
550 1047 730 1123 solitudine,
747 1047 898 1132 perlicere
918 1068 984 1109 rem
1007 1047 1164 1130 ejusmodi
1187 1047 1382 1110 commodius
1404 1047 1437 1110 in
1461 1048 1563 1111 turba

321 1183 328 1196 ·
355 1165 450 1228 posse
473 1144 622 1208 arbitrati
645 1153 731 1208 sunt.
777 1144 919 1207 Asuvius
935 1147 1008 1207 clim
1024 1145 1143 1208 Avillio
1160 1144 1295 1208 Romam
1313 1153 1364 1208 est
1383 1144 1560 1229 proiectus

357 1241 430 1304 Hos
445 1241 588 1326 vestigiis
603 1241 795 1326 Oppianicus
810 1249 1000 1306 consecutus
1015 1249 1075 1306 est.
1121 1241 1199 1305 Jam
1219 1250 1256 1306 ut
1271 1242 1392 1305 Romae
1407 1242 1560 1316 vixerint,

355 1338 470 1423 quibus
486 1339 644 1416 conviviis,
662 1340 776 1424 quibus
790 1339 931 1424 flagitiis,
949 1339 1077 1423 quantis
1099 1346 1132 1402 et
1153 1361 1249 1424 quam
1269 1339 1407 1424 profusis
1421 1340 1561 1423 sumpti·

355 1437 423 1512 bus,
440 1457 503 1499 non
524 1437 619 1499 modo
640 1437 767 1500 conscio
789 1437 845 1500 sed
869 1437 966 1500 etiam
990 1436 1123 1500 conviva
1145 1444 1180 1501 et
1202 1437 1351 1520 adjutore
1367 1436 1558 1521 Oppianico,

354 1532 484 1616 longum
505 1539 557 1596 est
580 1533 683 1596 dicere
703 1533 790 1610 mihi,
818 1533 1007 1618 praesertim
1028 1533 1070 1595 ad
1091 1532 1154 1596 alia
1173 1533 1367 1618 properanti.
1421 1533 1560 1596 Exitum

355 1631 450 1714 hujus
463 1630 667 1694 assimulatae
682 1629 907 1695 familiaritatis
919 1631 1112 1716 cognoscite.
1151 1630 1256 1710 Quum
1268 1638 1354 1695 esset
1368 1631 1560 1696 adolescens

354 1729 440 1812 apud
463 1727 676 1790 mulierculam
700 1729 868 1812 quandam,
890 1736 989 1812 atque
1010 1727 1055 1790 ibi
1077 1736 1291 1812 pernoctaret,
1308 1729 1351 1791 ibi
1374 1729 1459 1792 diem
1481 1751 1559 1814 pos-

353 1831 458 1889 terum
469 1831 727 1904 commoraretur,
740 1825 884 1901 Avillius,
894 1831 1012 1890 uteret
1023 1825 1244 1902 constitutum,
1256 1826 1384 1890 simulat
1394 1848 1429 1889 se
1442 1848 1558 1911 aegro-

354 1929 422 1986 tare
437 1930 471 1986 et
485 1929 714 1988 testamentum
729 1922 834 1987 facere
849 1923 937 1987 velle.
969 1921 1164 2007 Oppianicus
1179 1924 1400 2008 obsignatores
1414 1924 1555 2000 adeum,

355 2023 408 2107 qui
423 2044 524 2108 neque
540 2022 697 2086 Asuvium
712 2017 813 2106 neque
829 2019 982 2084 Avillium
1003 2028 1143 2096 nossent,
1159 2021 1301 2097 adducit,
1316 2028 1351 2084 et
1366 2021 1453 2084 illum
1469 2021 1555 2085 Asu·

354 2121 438 2184 vium
453 2121 591 2205 appellat
607 2120 684 2206 ipse.
730 2119 939 2184 Testameuto
955 2119 1069 2183 Asuvii
1083 2119 1210 2183 nomine
1232 2119 1403 2204 obsignato
1419 2119 1557 2183 discedi·

354 2225 416 2283 tur.
462 2218 596 2281 Avillius
611 2211 910 2282 illicocontlalesoit.
949 2217 1090 2280 Asuvius
1108 2223 1215 2281 autem
1230 2218 1317 2281 brevi
1332 2219 1385 2280 illo
1399 2224 1555 2302 tempore,

354 2316 444 2402 quasi
459 2316 491 2379 in
507 2316 650 2380 hortulos
665 2315 735 2391 iret,
752 2315 784 2378 in
808 2315 970 2378 arenarius
989 2315 1144 2400 quasdam
1163 2323 1256 2379 extra
1270 2323 1398 2401 portam
1415 2315 1557 2400 Esquili-

355 2436 427 2477 nam
442 2414 615 2499 perductus
631 2413 794 2478 occiditur.
842 2412 903 2494 Qui
923 2434 1020 2498 quum
1044 2435 1143 2476 unum
1162 2414 1231 2498 jam
1255 2421 1289 2477 et
1310 2413 1446 2477 alterum
1469 2412 1555 2476 diem

356 2512 597 2591 desideraretur,
614 2534 716 2596 neque
740 2512 772 2575 in
792 2511 831 2574 iis
851 2511 929 2574 locis
950 2510 1005 2574 ubi
1027 2533 1067 2574 ex
1090 2511 1319 2575 consuetudine
1341 2511 1556 2596 quaerebatur

354 2609 556 2689 inveniretur,
574 2617 608 2675 et
632 2608 823 2697 Oppianicus
844 2608 885 2681 in⁸
901 2609 970 2673 foro
993 2607 1190 2673 Larinatium
1214 2608 1387 2685 dictitaret,
1403 2627 1554 2692 nuperae

355 2715 389 2773 et
403 2730 478 2771 suos
492 2708 610 2771 etnicos
624 2714 853 2772 testamentum
868 2708 939 2791 ejus
953 2706 1148 2791 obsignasse,
1164 2705 1270 2771 liberti
1287 2706 1410 2782 Asuui,
1427 2713 1460 2768 et
1474 2726 1553 2768 non-

354 2806 430 2869 nulli
445 2805 547 2879 amioi,
560 2806 644 2890 quod
660 2828 697 2869 eo
713 2806 763 2869 die
777 2828 840 2890 quo
855 2813 1050 2889 postremum
1060 2803 1202 2868 Asuvius
1210 2804 1296 2869 visus
1309 2810 1389 2883 erat,
1403 2802 1555 2867 Avillium

356 2926 427 2967 cum
443 2926 481 2968 eo
495 2904 591 2967 fuisse
607 2910 640 2967 et
654 2926 673 2966 a
687 2902 795 2966 multis
809 2902 910 2984 visum
925 2925 996 2967 esse
1012 2904 1191 2980 constabat,
1208 2903 1241 2965 in
1256 2925 1328 2966 enm
1350 2902 1504 2965 invadunt
1519 2911 1555 2967 et

356 3000 514 3065 hominem
529 3008 604 3063 ante
619 3001 715 3085 pedes
732 3000 770 3079 Q.
783 2999 909 3078 Manlii,
923 3002 977 3086 qui
992 3007 1062 3065 tum
1076 3008 1146 3064 erat
1160 3000 1313 3080 triumvir,
1330 2999 1551 3076 constituunt3

358 3272 418 3319 bare
430 3276 436 3300 ⁶
446 3267 656 3319 accommodatus!
689 3270 714 3317 It
724 3271 745 3318 is
756 3269 868 3319 doubtful
875 3271 941 3320 wbat
971 3272 1042 3319 when
1059 3286 1130 3319 seren
1142 3272 1267 3320 witnesses
1283 3286 1346 3321 were
1363 3274 1485 3336 required,
1503 3276 1554 3324 and

359 3337 387 3383 P.
399 3337 450 3383 baa.
483 3334 561 3381 There
572 3350 649 3383 seems
660 3335 728 3390 tube
739 3349 771 3382 no
782 3335 940 3397 objectionto
972 3337 1032 3384 both
1044 3336 1205 3398 subscription
1219 3336 1266 3384 and
1278 3338 1367 3399 sealing
1375 3338 1476 3401 (Justin.
1490 3341 1554 3389 luat.

359 3400 455 3446 thetwo
463 3398 713 3460 participles-‘lain
723 3399 738 3445 ι’
752 3400 778 3446 Ρ.
788 3400 915 3448 has‘inire
923 3401 939 3458 ;’
971 3402 996 3449 ii.
1003 3401 1052 3449 Tit
1064 3404 1100 3449 lo.
1113 3401 1152 3449 De
1162 3401 1323 3449 Testamentis
1333 3402 1490 3464 ordinandis).
1538 3411 1542 3421 ’

359 3463 586 3511 andBaiter.-—¹ibi
596 3464 770 3525 pemoetaret:'
783 3464 936 3513 P.haa‘ubi.'
1002 3467 1068 3513 treet
1079 3466 1122 3512 illo
1140 3465 1266 3526 tempora]
1287 3466 1317 3513 In
1339 3467 1381 3513 the
1398 3468 1466 3515 short
1483 3484 1554 3530 space

359 3527 410 3575 But
420 3526 469 3575 thia
480 3526 578 3589 reading
587 3528 608 3574 is
616 3528 692 3589 justly
708 3530 811 3590 rejected
828 3530 860 3591 by
872 3530 939 3578 Clas·
972 3530 1000 3577 ol
1007 3531 1067 3577 time
1077 3530 1157 3576 which
1167 3529 1277 3577 followed
1284 3530 1392 3578 between
1404 3532 1445 3579 the
1455 3533 1554 3595 making

359 3606 410 3648 sen,
432 3592 486 3639 who
508 3592 552 3640 bas
572 3591 633 3639 ‘ibi'
647 3593 705 3641 with
720 3594 762 3641 the
780 3594 850 3641 other
865 3594 939 3642 MSS.
971 3594 999 3641 of
1017 3594 1060 3641 the
1077 3597 1208 3641 testament
1219 3594 1266 3641 aud
1286 3594 1328 3641 the
1347 3596 1554 3645 musaea—‘are-

359 3656 442 3703 Baiter
460 3656 502 3703 has
516 3656 683 3718 inJudiciously
698 3658 755 3705 ‘ubi
770 3658 938 3720 pernoctaret!
972 3656 1075 3705 nariaar'
1094 3657 1234 3719 ‘aandpita'
1267 3659 1336 3719 They
1353 3674 1394 3707 are
1415 3662 1553 3709 mentioned

358 3725 398 3757 ·-¹
406 3720 531 3782 obsignato
541 3720 556 3768 ι’
585 3722 679 3769 Roman
707 3728 849 3771 testamenta
875 3738 938 3770 were
969 3722 1002 3785 by
1018 3722 1147 3779 Varro,R„
1166 3722 1197 3770 R„
1217 3725 1239 3771 1.
1256 3726 1280 3781 2,
1299 3723 1357 3770 with
1378 3724 1552 3787 ‘lapidicinae’

359 3784 437 3832 sealed
456 3786 513 3833 with
528 3786 570 3833 the
584 3787 644 3833 seals
661 3786 689 3834 oi
699 3788 829 3835 witnesses.
863 3787 937 3835 Gaius
970 3786 1187 3849 ‘stone-quernas!

359 3850 478 3898 describes
486 3850 527 3898 the
535 3850 654 3912 formality
661 3851 688 3897 ol
695 3852 842 3899 attestation.
858 3851 938 3898 There
1003 3852 1139 3907 triniatim]
1159 3850 1199 3897 lle
1209 3865 1258 3898 was
1268 3865 1315 3898 oue
1325 3851 1354 3898 oi
1369 3852 1413 3900 the
1422 3852 1553 3901 tuamen

360 3929 422 3961 were
432 3916 478 3962 live
494 3915 616 3963 witnesses
624 3914 719 3962 besides
730 3916 776 3967 ,the
793 3914 938 3977 ‘libripens'
973 3914 1100 3975 capitales,
1115 3915 1178 3972 wbo,
1191 3930 1279 3975 among
1296 3915 1367 3971 other
1385 3917 1471 3973 duties,
1490 3932 1517 3965 aa
1532 3918 1554 3965 it

360 3978 413 4025 The
430 3980 558 4029 witnesses
567 3984 632 4030 must
647 3979 676 4025 be
689 3979 765 4027 ‘cives
781 3980 884 4026 Romani
894 3993 940 4040 pu·
972 3993 1079 4039 appears,
1091 3978 1137 4025 bad
1149 3979 1191 4025 the
1205 3993 1284 4041 power
1296 3979 1324 4026 of
1340 3982 1457 4043 arresting
1467 3982 1554 4043 people

360 4040 446 4090 heres!
479 4043 549 4091 Alter
556 4044 633 4107 'going'
641 4043 744 4103 through
756 4044 798 4101 the
814 4057 940 4104 ceremony
973 4042 1075 4103 charged
1093 4043 1150 4090 with
1163 4044 1267 4090 murder.
1300 4043 1369 4105 ‘l'bey
1384 4045 1432 4092 had
1445 4046 1496 4093 also
1509 4046 1554 4093 the

361 4106 389 4153 oi
403 4107 445 4154 the
461 4107 633 4168 ‘mancipatim’
644 4107 686 4155 the
701 4112 802 4155 testator
822 4106 941 4154 “tabulas
973 4121 1027 4153 aare
1045 4106 1074 4153 oi
1087 4107 1182 4168 prisona
1200 4108 1247 4155 and
1265 4109 1451 4169 snper-intended
1465 4110 1554 4171 capital

361 4172 499 4218 testamenti
513 4172 643 4219 tenensita
656 4171 728 4217 dicit:
749 4172 815 4218 Haec
827 4172 862 4218 its
875 4172 940 4217 utin
972 4171 1150 4231 punishmenta.
1190 4172 1273 4220 Cicero
1290 4172 1377 4233 speaks
1397 4173 1426 4220 ol
1444 4174 1553 4222 Manlius

362 4234 400 4281 his
411 4236 498 4283 tabulis
510 4236 617 4297 cerisque
633 4236 720 4297 scripta
731 4240 795 4293 sunt,
807 4236 841 4281 ita
851 4236 891 4292 do,
906 4236 940 4282 ita
971 4250 999 4281 aa
1020 4235 1095 4282 alow
1110 4235 1189 4284 fellow
1203 4236 1257 4282 who
1277 4236 1325 4283 bad
1340 4236 1407 4283 osten
1429 4237 1490 4285 been
1506 4252 1553 4299 pu·

362 4298 423 4358 lego,
435 4300 469 4347 ita
485 4305 568 4356 testor,
581 4301 662 4361 itaque
679 4314 728 4355 vos,
740 4299 854 4357 Quirites,
871 4300 938 4346 teati-
972 4298 1057 4347 nished
1072 4299 1175 4355 himself,
1186 4298 1235 4347 and
1246 4315 1294 4347 was
1304 4315 1359 4346 now
1374 4301 1452 4349 raised
1467 4301 1499 4363 by
1509 4302 1554 4349 the

362 4364 470 4410 monium
490 4364 549 4410 mibi
568 4363 733 4425 perhibetote:
751 4372 775 4410 et
791 4364 838 4411 boc
852 4364 940 4410 dicitur
971 4364 1073 4425 popular
1091 4370 1147 4411 rote
1162 4369 1188 4411 to
1204 4379 1236 4411 an
1254 4366 1322 4411 office
1335 4365 1412 4411 which
1428 4381 1487 4426 garo
1500 4367 1553 4414 him

363 4426 816 4553 <m
971 4428 1144 4540 enm
1179 4492 1540 4542 ....

362 4567 410 4603 was
423 4556 464 4602 the
479 4554 589 4617 practice,
605 4560 631 4605 at
646 4556 706 4604 least
721 4560 747 4603 at
762 4570 777 4603 a
793 4526 853 4604 laler
873 4558 940 4613 time,
972 4557 1056 4605 lamna
1081 4558 1103 4604 ia
1131 4508 1178 4604 tal
1206 4556 1325 4605 Colonum
1350 4557 1456 4605 Maenia.
1506 4558 1555 4607 See
