3517 5325
326 477 388 541 226
651 465 787 530 ORAT.
811 460 903 527 PRO
928 462 972 525 A.
996 459 1201 526 CAECINA

325 641 538 728 obtemperari
553 661 616 704 non
635 643 792 723 oportere.
837 634 893 698 Sin
908 633 978 698 illos
992 639 1081 696 reete
1096 631 1286 719 respondere
1302 630 1481 693 ooneednnt
1495 636 1531 695 et

325 744 418 816 aliter
428 739 565 826 judicari
576 738 687 801 dieunt
701 741 857 820 oportere,
870 732 952 794 mele
964 730 1099 815 judicari
1114 735 1261 814 oportere
1273 728 1393 792 dieunt.
1418 728 1529 813 Neque

327 841 411 906 enim
425 839 494 901 fieri
509 842 625 921 potest,
638 833 771 897 ntaliud
782 831 918 916 judicari
934 830 973 893 de
985 829 1066 913 jure,
1078 827 1163 891 aliud
1172 826 1354 912 responderi
1370 833 1528 910 oporteat,

327 959 387 1004 neo
408 944 444 1001 ut
459 935 625 1020 quisquam
645 929 727 1016 juris
752 935 937 994 numeretur
960 925 1082 1013 peritus
1101 925 1154 1010 qui
1181 925 1213 988 id
1236 933 1363 990 statuat
1387 945 1455 990 esse
1475 925 1531 1009 jus

327 1035 412 1122 quod
426 1055 491 1097 non
506 1037 655 1118 oporteat
666 1025 905 1114 judicari—At
922 1032 973 1090 est
987 1024 1157 1110 aliquando
1172 1031 1285 1087 eontra
1295 1023 1531 1107 judicatum.-

331 1133 474 1196 Primnm
502 1136 611 1194 utrum
636 1134 723 1191 reete
747 1147 787 1188 an
811 1124 997 1209 perperam!
1043 1121 1077 1184 Si
1103 1129 1200 1197 reeta·
1227 1121 1260 1183 id
1282 1120 1346 1186 fuit
1366 1121 1421 1204 jus
1447 1119 1531 1204 quod

325 1231 505 1316 judicatum
519 1233 591 1299 est;
616 1225 666 1289 sin
690 1223 792 1298 aliter,
808 1243 873 1285 uon
889 1219 1018 1284 dubium
1040 1225 1092 1284 est
1106 1226 1213 1283 utrum
1232 1218 1359 1302 judiees
1372 1239 1414 1281 an
1434 1216 1531 1302 juris-

331 1327 467 1393 consulti
481 1322 680 1410 vitnperandi
693 1321 770 1386 sint.
815 1318 951 1394 Deinde,
967 1318 994 1382 si
1014 1318 1054 1382 de
1076 1317 1148 1402 jure
1162 1315 1250 1380 vario
1266 1313 1427 1401 quidpiam
1446 1313 1532 1399 judi-

331 1433 439 1490 catum
464 1432 524 1500 est,
540 1422 649 1508 potius
674 1427 787 1485 eontra
807 1415 1052 1503 jurisconsultos
1073 1422 1232 1495 statuunt,
1245 1414 1271 1478 si
1287 1413 1381 1479 aliter
1395 1433 1533 1498 pronun-

331 1524 449 1588 tiatum
473 1529 524 1586 est
549 1541 588 1584 ao
615 1518 726 1582 Muoio
749 1515 879 1604 placuit.
905 1537 1000 1601 quam
1025 1537 1066 1578 ex
1091 1535 1201 1578 eorum
1226 1511 1473 1590 auotoritatqai
1495 1517 1535 1575 nt

335 1619 486 1684 Manilius
500 1619 674 1694 statuebat,
690 1616 736 1680 sie
759 1623 810 1680 est
831 1614 1020 1700 judicatum.
1067 1612 1198 1677 Etenim
1220 1611 1288 1697 ipse
1311 1609 1446 1674 Crassus
1468 1629 1535 1672 non

333 1719 381 1782 ita
396 1737 538 1781 mussam
552 1713 637 1800 apud
652 1714 865 1778 centumviros
879 1709 946 1797 egit
961 1719 999 1776 ut
1014 1717 1127 1775 contra
1140 1709 1387 1795 jurisconsultos
1402 1708 1532 1785 diceret,

335 1815 393 1879 sed
407 1822 445 1878 nt
459 1814 519 1877 hoe
528 1814 664 1889 doceret,
680 1811 756 1875 illud
771 1812 856 1896 qnod
869 1807 1020 1874 Scaevola
1034 1808 1226 1873 defendebat
1237 1830 1300 1871 non
1316 1829 1385 1871 esse
1396 1806 1487 1891 juris,
1501 1813 1537 1870 et

334 1911 369 1974 in
384 1933 453 1975 eam
468 1933 535 1974 rern
549 1931 613 1973 non
628 1909 881 1973 solnm'rationes
896 1907 1033 1984 afferret,
1050 1907 1215 1971 sedetiam
1231 1906 1269 1986 Q.
1288 1905 1407 1984 Mucio,
1424 1925 1536 1968 socero

337 2030 406 2087 suo,
421 2008 594 2094 multisque
608 2006 806 2092 peritissimis
820 2004 1000 2068 horninibus
1014 2004 1198 2068 auctoribus
1212 2013 1366 2068 uteretur.
1412 2001 1536 2065 XXV.

338 2105 422 2169 Nam
444 2106 497 2190 qui
520 2107 575 2191 jus
597 2105 687 2169 oivile
712 2102 977 2170 contemnendum
1001 2109 1106 2187 putet,
1132 2103 1161 2166 is
1180 2103 1305 2167 vincula
1328 2101 1450 2166 revellit
1471 2121 1536 2164 non

335 2203 432 2267 modo
457 2203 658 2287 judiciorum,
683 2203 740 2266 sed
768 2202 865 2265 etiam
894 2200 1044 2266 utilitatis
1076 2201 1224 2286 vitaeque
1254 2201 1447 2274 eommunis;
1482 2197 1537 2283 qui

336 2307 445 2365 autern
467 2301 658 2386 interpretes
676 2299 760 2385 juris
774 2300 944 2385 vituperat,
961 2299 988 2362 si
1012 2297 1176 2384 imperitos
1198 2299 1279 2383 juris
1301 2319 1371 2362 esse
1385 2297 1472 2376 dicit,
1496 2297 1537 2360 de

232 2411 236 2418 '
337 2400 526 2478 hominibus,
542 2423 605 2464 non
627 2400 749 2484 dejure
769 2398 852 2463 civili
874 2397 1034 2462 detrahit:
1059 2397 1106 2460 sin
1127 2397 1238 2482 peritis
1263 2418 1326 2460 non
1352 2402 1447 2480 putat
1466 2415 1538 2458 esse

337 2498 630 2583 obtemperandum,
647 2519 711 2561 non
733 2497 875 2560 homines
901 2495 1007 2571 laedit,
1023 2497 1080 2559 sed
1101 2495 1189 2579 leges
1204 2516 1241 2558 ao
1262 2495 1336 2580 jura
1350 2495 1534 2558 labefactat.

341 2594 434 2677 Quod
459 2595 550 2660 vobis
571 2596 678 2660 venire
696 2595 730 2659 in
751 2603 896 2660 mentem
916 2593 1059 2680 prolecto
1082 2615 1212 2657 neeesse
1238 2600 1297 2671 est,
1313 2592 1390 2656 nihil
1413 2613 1483 2656 esse
1505 2591 1538 2654 in

339 2694 469 2775 eivitate
490 2701 558 2759 tam
584 2695 752 2781 diligenter
765 2717 860 2781 quarn
882 2696 937 2779 jus
956 2693 1046 2757 eivile
1070 2694 1279 2759 retinendum.
1326 2692 1457 2757 Etenim
1478 2694 1540 2757 hoo

338 2788 464 2852 sublato
478 2788 556 2852 nihil
571 2796 622 2854 est
636 2810 733 2874 quare
747 2789 948 2873 exploratum
963 2786 1109 2873 cuiquam
1133 2784 1235 2872 possit
1249 2808 1328 2863 esse,
1346 2786 1422 2871 quid
1446 2807 1540 2850 suum

340 2893 397 2950 aut
413 2886 489 2971 quid
503 2886 640 2950 alienum
654 2886 716 2960 sit3
741 2886 818 2949 nihil
841 2892 893 2951 est
917 2886 1001 2970 qnod
1020 2885 1184 2971 aequabile
1209 2885 1293 2949 inter
1315 2906 1426 2948 omnes
1444 2890 1542 2969 atque

338 3005 436 3048 unum
451 2984 595 3048 omnibns
610 3006 680 3049 esse
703 2983 816 3070 possit.
863 2983 977 3068 ltaque
1002 2984 1035 3047 in
1059 2983 1175 3048 ceteris
1197 2980 1420 3046 controversiis
1442 2989 1541 3067 atque

335 3081 474 3167 judiciis,
491 3105 585 3168 quum
601 3082 773 3167 quaeritur,
788 3080 906 3165 aliquid
921 3082 1041 3145 facturn
1061 3069 1160 3144 neone
1176 3080 1228 3159 sit,
1246 3103 1356 3144 verum
1370 3103 1410 3144 an
1425 3080 1541 3144 falsum

339 3180 525 3265 proferatur,
539 3186 572 3243 et
586 3179 681 3243 fictus
692 3178 786 3255 testis
794 3177 962 3242 subornari
974 3178 1065 3257 solet,
1077 3188 1110 3243 et
1121 3178 1278 3263 interponi
1293 3178 1390 3243 salsae
1402 3178 1538 3257 tabulae,

374 3410 522 3474 idfira'ty'ur]
541 3411 636 3459 'l‘hatis
647 3412 689 3460 the
698 3412 744 3460 law
751 3410 858 3459 nhiohia
868 3424 925 3473 pro-
958 3412 1127 3473 intenogative
1132 3412 1233 3461 without
1243 3412 1285 3461 the
1296 3412 1378 3471 ‘non,’
1388 3412 1431 3461 the
1441 3412 1542 3461 rauseis

342 3475 454 3523 nonnoed
463 3481 490 3523 to
500 3476 532 3523 be
540 3476 585 3523 law
593 3476 625 3538 by
633 3477 684 3523 him
694 3476 743 3523 and
752 3476 785 3537 by
793 3476 862 3525 those
873 3477 926 3523 who
958 3477 1056 3540 spelled.
1090 3477 1172 3526 Baiter
1180 3478 1223 3525 hos
1235 3484 1300 3525 ‘non
1311 3478 1408 3539 potins!

343 3540 404 3587 have
418 3540 541 3601 authority
556 3547 582 3587 to
599 3540 692 3587 declaro
706 3540 749 3587 the
761 3541 813 3587 law.
846 3540 926 3589 There
990 3542 1088 3603 Murio]
1107 3542 1195 3591 'l'biais
1206 3543 1237 3594 Q.
1247 3542 1344 3590 Mutius
1355 3541 1468 3591 Scaevola
1479 3541 1542 3588 Pon-

342 3604 440 3665 mayba
451 3619 517 3651 error
527 3619 554 3651 or
565 3604 612 3661 bed
627 3606 744 3653 intention
755 3606 782 3652 in
792 3606 862 3652 those
871 3606 926 3653 who
959 3606 1018 3653 tifex
1038 3606 1167 3655 Maximus.
1213 3607 1337 3655 Hotmann
1356 3620 1471 3669 supposes
1488 3605 1543 3653 that

343 3668 436 3717 declaro
450 3669 492 3716 the
505 3670 556 3725 lav.
571 3668 619 3717 aud
633 3670 693 3717 thou
703 3684 740 3717 we
751 3684 807 3731 may
821 3684 862 3732 say
872 3670 927 3717 that
959 3670 1042 3717 Mucio
1063 3686 1146 3719 means
1167 3670 1228 3720 both
1251 3672 1277 3719 Ρ.
1300 3672 1397 3719 Mucius
1422 3670 1543 3727 woh,

343 3733 385 3782 the
399 3734 556 3795 jnriaoonsnlt
571 3734 592 3781 is
606 3734 678 3794 right,
696 3734 744 3781 and
760 3734 804 3781 the
820 3736 927 3782 oourtis
960 3735 1070 3783 Pontifex
1087 3736 1216 3794 Maximus,
1233 3736 1275 3783 the
1287 3736 1372 3793 father,
1387 3736 1435 3783 and
1446 3736 1483 3782 his
1498 3749 1544 3782 son

343 3813 435 3860 wrong.
480 3798 530 3847 But
548 3798 598 3845 still
613 3798 633 3844 it
649 3799 671 3845 is
686 3804 730 3845 not
746 3799 790 3846 the
806 3799 926 3860 jur-isona-
960 3800 991 3852 Q.
1010 3800 1115 3855 Muclus,
1133 3800 1188 3848 who
1206 3816 1254 3847 was
1271 3801 1321 3847 also
1338 3800 1447 3847 Pontifex
1464 3799 1544 3847 Maxi-

343 3864 393 3911 sult
409 3864 463 3911 who
480 3878 524 3911 ean
540 3863 633 3910 declaro
649 3863 691 3910 the
712 3863 757 3910 law
775 3864 823 3910 aud
842 3864 896 3925 give
908 3864 928 3912 it
960 3880 1021 3911 mus.
1056 3865 1291 3923 ⁴Q.Muoio,socero
1302 3864 1361 3913 suo'
1372 3865 1392 3912 is
1404 3865 1436 3916 Q.
1448 3864 1545 3911 Mucius

342 3928 421 3976 effect.
454 3927 856 3989 Thatiatbeotlioeotthejndgs.
961 3929 1080 3987 Soaerola‚
1104 3930 1146 3977 the
1163 3945 1247 3991 augur,
1266 3930 1308 3977 the
1330 3929 1501 3977 iether-indm
1519 3928 1549 3977 oi

344 3992 928 4120 anes
960 3992 1079 4119 em
1103 3992 1546 4118 <nt-nu..

809 4091 815 4115 ,
921 4092 927 4104 .
1081 4094 1086 4105 .
1207 4094 1213 4106 .

344 4120 370 4168 lt
386 4122 407 4168 is
424 4122 467 4168 tho
481 4120 527 4167 lan
542 4134 571 4167 or
588 4119 630 4167 the
646 4121 827 4183 interpretation
843 4122 871 4168 ot
884 4122 929 4168 lun
961 4122 1055 4169 eonsnlt
1067 4122 1147 4171 whom
1159 4122 1242 4172 Cioero
1258 4123 1325 4170 osten
1341 4123 1469 4179 mentions,
1481 4134 1508 4169 ss
1519 4122 1545 4169 in

344 4185 420 4233 about
430 4185 508 4232 which
523 4184 565 4231 the
580 4184 678 4245 lawyers
695 4186 765 4233 ‹litler
779 4186 805 4232 in
821 4187 928 4247 opinion.
962 4186 1000 4234 De
1019 4186 1062 4234 Or.
1079 4186 1096 4235 i.
1114 4191 1153 4235 48.
1187 4188 1271 4236 Cioero
1289 4200 1373 4235 meana
1390 4192 1417 4233 to
1436 4200 1478 4247 say
1492 4186 1547 4234 that

346 4250 455 4297 lnaome
468 4249 621 4296 oldeditions
637 4249 736 4297 meren
751 4249 830 4297 ‘non’
846 4250 930 4298 before
961 4250 1000 4298 hia
1022 4251 1142 4313 authority
1167 4268 1193 4301 as
1217 4268 1232 4299 a
1252 4252 1408 4313 jurisconsult
1431 4264 1479 4297 nas
1500 4257 1547 4298 not

347 4312 463 4374 ‘potiusg'
480 4313 525 4360 but
539 4314 607 4361 there
620 4328 721 4375 appears
732 4321 759 4362 to
769 4314 800 4362 be
811 4328 843 4362 no
855 4315 928 4363 MSS.
962 4316 1032 4377 equal
1043 4320 1069 4362 to
1079 4317 1133 4363 that
1143 4317 1171 4363 ot
1185 4316 1331 4364 Mucius—⁶
1340 4330 1388 4363 non
1399 4330 1451 4363 ease
1460 4316 1520 4377 juris
1529 4314 1546 4361 ε’

344 4377 468 4439 authority
486 4378 523 4425 for
539 4378 566 4425 it.
601 4378 673 4425 Klotz
692 4381 764 4427 omits
782 4380 810 4436 it,
832 4379 878 4427 but
899 4380 930 4426 be
963 4384 1026 4427 ‘was
1036 4380 1134 4429 notlay
1144 4379 1159 4439 ς’
1176 4382 1214 4429 for
1228 4396 1255 4428 so
1269 4381 1317 4429 this
1332 4381 1436 4442 genitive
1450 4394 1505 4441 may
1515 4378 1547 4427 be

346 4442 442 4489 obtains
458 4442 500 4489 the
512 4456 636 4505 necewy
646 4444 769 4505 negation,
783 4460 811 4491 aa
825 4444 856 4491 be
872 4444 930 4491 nella
962 4444 1029 4491 used.

345 4506 374 4562 it,
388 4506 422 4568 by
431 4508 555 4567 pattinga
565 4512 622 4555 note
638 4508 666 4555 ot
681 4508 853 4570 interrogation
869 4508 931 4555 aster
994 4510 1035 4555 25.
1052 4508 1186 4571 inrepens]
1204 4508 1265 4556 ’lhis
1279 4509 1301 4556 is
1316 4508 1359 4557 the
1375 4508 1507 4557 onmeob'on
1523 4506 1553 4555 os

345 4573 399 4624 ‘eet
412 4570 563 4633 nuceum!
596 4572 623 4621 u
636 4572 679 4622 the
695 4573 844 4622 manseio
861 4572 929 4621 made
964 4570 1097 4632 Hotoman,
1109 4572 1157 4621 and
1169 4572 1269 4623 tharsis
1281 4573 1366 4636 hardly
1376 4588 1391 4621 a
1401 4572 1478 4621 doubt
1494 4571 1550 4620 tuat
