3517 5325
724 468 826 534 OAP.
850 471 946 532 2-4.
1246 503 1252 516 ·
1381 474 1444 538 253

237 637 416 705 certissima
428 634 536 723 populi
554 635 693 701 Romani
713 637 882 724 vectigalia
903 645 938 703 et
958 637 1107 718 maxima,
1124 640 1239 726 quibus
1260 641 1387 707 amissis
1409 650 1444 708 et

235 737 325 823 pacis
339 742 527 801 ornamenta
541 741 575 799 et
589 735 733 799 subsidia
742 736 815 799 belli
829 736 1007 822 requiretis,
1020 743 1160 823 aguntur
1174 741 1257 803 bona
1271 741 1444 805 multorum

236 834 362 911 civium,
378 832 492 919 quibus
506 839 558 896 est
571 854 592 896 a
605 832 696 896 robis
709 839 744 896 et
758 833 900 918 ipsorum
915 841 950 898 et
963 834 1010 897 rei
1029 834 1172 919 publicae
1196 857 1309 900 caussa
1331 859 1443 902 consu-

235 933 376 996 lendum.
421 929 489 992 111.
520 929 567 993 Et
592 929 741 1014 quoniam
769 952 897 1016 semper
933 939 1123 1017 appetentes
1158 932 1279 1017 gloriae
1315 943 1444 1018 praeter

237 1037 364 1094 ceteras
392 1034 506 1113 gentes
534 1034 632 1112 atque
660 1027 745 1092 avidi
767 1027 872 1092 laudis
901 1028 1016 1106 fuistis,
1048 1029 1182 1093 delenda
1206 1037 1258 1094 est
1276 1031 1366 1094 vobis
1392 1032 1445 1096 illa

238 1127 371 1205 macula,
399 1124 625 1189 Mithridatico
647 1125 729 1189 bello
754 1126 918 1212 superiore
942 1133 1108 1212 concepta,
1128 1149 1208 1212 quae
1231 1127 1360 1212 penitus
1376 1129 1445 1214 jam

238 1225 356 1290 insedit
376 1245 414 1288 ac
433 1222 528 1286 nimis
542 1222 730 1288 inveteravit
744 1223 776 1286 in
791 1224 899 1309 populi
915 1223 1052 1288 Romani
1066 1225 1215 1299 nomine;
1241 1227 1326 1310 quod
1349 1225 1377 1290 is
1392 1225 1446 1310 qui

237 1344 302 1386 uno
331 1321 392 1400 die,
422 1327 496 1386 tota
516 1320 549 1382 in
569 1321 660 1398 Asia,
684 1327 738 1386 tot
760 1321 793 1383 in
816 1321 1011 1402 civitatibus,
1035 1344 1098 1386 uno
1121 1322 1233 1387 nuntio
1259 1330 1356 1407 atque
1381 1345 1445 1386 una

239 1417 472 1504 significatione
494 1417 675 1482 litterarum
698 1418 783 1482 cives
809 1417 973 1484 Romanos
994 1420 1159 1484 necandos
1179 1420 1444 1506 trucidandosque

239 1515 413 1593 denotavit,
443 1538 508 1580 nou
536 1516 632 1580 modo
657 1516 761 1581 adhuc
790 1538 926 1602 poenam
955 1517 1072 1580 nullam
1092 1540 1150 1583 suo
1176 1519 1304 1602 dignam
1326 1519 1445 1582 scelere

241 1613 392 1699 suscepit,
416 1613 475 1677 sed
497 1613 539 1676 ab
558 1613 613 1678 illo
641 1621 786 1699 tempore
811 1635 930 1678 annum
952 1615 1021 1698 jam
1049 1614 1182 1679 tertium
1206 1622 1241 1680 et
1263 1615 1445 1680 vicesimum

239 1719 363 1798 regnat,
381 1717 415 1775 et
437 1710 485 1774 ita
506 1716 621 1796 regnat
642 1717 681 1776 ut
702 1733 738 1775 se
754 1735 819 1776 non
835 1711 932 1775 Ponti
955 1732 1058 1797 neque
1074 1710 1292 1798 Cappadociae
1313 1711 1445 1776 latebris

240 1805 400 1872 occultare
429 1806 515 1885 velit,
546 1807 604 1871 sed
633 1829 795 1894 emergere
823 1830 864 1872 ex
890 1807 994 1893 patrio
1023 1829 1123 1894 regno
1152 1816 1250 1894 atque
1274 1809 1306 1872 in
1331 1809 1446 1874 vestris

240 1905 456 1989 vectigalibus,
487 1905 550 1968 hoc
576 1911 636 1984 est,
667 1904 700 1968 in
724 1906 824 1970 Asiae
850 1906 922 1970 luce
945 1906 1074 1970 versari.
1121 1905 1252 1970 Etenim
1274 1907 1379 1972 adhuc
1399 1907 1446 1970 ita

241 2003 343 2066 nostri
365 2024 437 2066 cum
455 2001 508 2065 illo
532 2025 607 2088 rege
630 2004 864 2068 contenderunt
887 2004 1095 2089 imperatores
1115 2011 1153 2068 ut
1174 2005 1214 2068 ab
1234 2004 1287 2069 illo
1309 2004 1446 2090 insignia

242 2099 406 2177 victoriae,
445 2121 509 2162 non
540 2099 707 2164 victoriam
734 2107 945 2185 reportarent.
1007 2100 1227 2186 Triumphauit
1265 2100 1302 2166 L.
1336 2101 1442 2177 Sulla;

242 2195 447 2281 triumphavit
465 2195 501 2260 L.
520 2197 658 2261 Murena
673 2197 713 2261 de
730 2197 933 2275 Mithridate,
949 2198 1011 2262 duo
1026 2198 1189 2263 fortissimi
1204 2199 1311 2264 viriet
1331 2199 1446 2264 summi

240 2293 470 2378 imperatorem
505 2294 563 2358 sed
592 2294 640 2358 ita
668 2294 907 2379 triumpharunt
931 2301 970 2360 ut
999 2294 1050 2360 ille
1075 2295 1185 2381 pulsus
1213 2303 1445 2382 superatusque

240 2397 400 2476 regnaret.
445 2390 678 2455 Verumtamen
694 2391 756 2456 illis
770 2391 1016 2476 imperatoribus
1027 2393 1095 2456 laus
1110 2399 1161 2457 eat
1175 2393 1344 2457 tribuenda
1359 2394 1445 2477 quod

243 2496 380 2574 egerunt
392 2514 401 2562 ς
425 2489 517 2552 venia
526 2489 724 2573 dandaquod
738 2488 954 2573 reliquerunt:
978 2495 1148 2573 propterea
1162 2488 1246 2573 quod
1257 2489 1298 2552 ab
1314 2511 1351 2552 eo
1362 2491 1444 2554 bello

241 2586 361 2651 Sullam
389 2586 423 2650 in
450 2587 580 2651 ltaliam
604 2608 658 2649 res
685 2585 822 2672 publica,
853 2585 1024 2650 Murenam
1054 2585 1140 2650 Sulla
1161 2585 1333 2650 revocavit.
1380 2587 1444 2652 IV.

241 2685 451 2751 Mithridates
463 2692 573 2749 autem
595 2705 688 2748 omne
709 2684 867 2770 reliquum
890 2690 1016 2769 tempus
1037 2705 1102 2747 non
1123 2684 1165 2747 ad
1187 2684 1375 2749 oblivionem
1393 2709 1443 2751 ve-
1534 2694 1538 2701 “

272 2899 296 2945 ³.
312 2893 432 2956 marala]
451 2892 511 2942 Thia
529 2894 551 2941 is
567 2893 610 2941 the
626 2896 694 2955 great
710 2907 829 2941 massam-e
860 2892 957 2942 Introd.

239 2960 268 3009 ol
277 2960 320 3008 the
329 2959 429 3007 italiana
439 2959 465 3005 in
475 2958 534 3006 Asia
544 2959 570 3005 in
582 2958 624 3005 the
634 2959 694 3005 time
707 2958 736 3005 oi
749 2958 828 3006 Mith-
893 2959 958 3020 qnod
968 2962 1069 3020 cycnea!
1076 2959 1185 3023 r—quod
1194 2961 1346 3023 reliqum!
1354 2961 1376 3020 .·]
1398 2961 1444 3009 Be-

238 3025 327 3073 ridatea
356 3017 527 3087 (lntrod.).-
539 3022 697 3084 ‘conoeptar'
725 3038 757 3070 on
785 3024 829 3071 tha
859 3022 944 3081 necle,
956 3024 1046 3085 quoted
1062 3022 1094 3086 by
1109 3024 1191 3083 Halm,
1208 3040 1262 3087 says
1278 3026 1332 3073 that
1348 3028 1444 3089 ‘quod'

239 3090 362 3151 authority
372 3088 401 3135 oi
414 3088 443 3136 n.
454 3088 496 3145 V..
504 3102 531 3136 aa
541 3102 578 3135 wa
587 3088 648 3135 hare
658 3088 683 3135 in
695 3086 743 3135 Pto
754 3088 826 3136 Roac.
858 3088 880 3135 ia
896 3088 939 3135 the
956 3092 963 3115 ⁴
970 3089 1107 3148 conjunctio
1124 3090 1240 3137 causalia!
1273 3090 1329 3137 And
1340 3090 1371 3139 ha
1385 3091 1444 3139 adds

239 3156 297 3203 Am.
314 3170 336 3202 c.
353 3156 394 3211 24,
414 3152 451 3201 ‘ai
467 3168 516 3215 qna
532 3152 626 3199 macula
642 3157 757 3213 concepta
772 3152 827 3209 eat,’
860 3152 913 3200 that
935 3153 977 3200 the
999 3154 1056 3201 ‘riri
1075 3152 1154 3201 docti'
1176 3169 1240 3202 seem
1257 3158 1283 3203 to
1304 3155 1365 3203 hare
1383 3155 1444 3203 been

240 3218 288 3266 and
309 3218 578 3274 Verr.Act.i.c.16,
602 3221 757 3279 ‘conceptam
775 3222 827 3264 tnr-
859 3217 945 3279 chiefly
956 3216 1041 3265 mislsd
1052 3218 1084 3280 by
1095 3218 1137 3266 tho
1146 3220 1222 3267 active
1233 3220 1303 3267 verba
1313 3220 1401 3282 having
1412 3236 1444 3268 no

256 3283 390 3330 itudinsm.’
411 3281 825 3344 Theotherreadingia‘ausccpta'
859 3281 939 3343 object
960 3283 1021 3329 aster
1041 3283 1118 3340 them,
1143 3284 1189 3331 and
1211 3284 1269 3346 they
1290 3284 1370 3346 lorgot
1391 3285 1444 3333 that

238 3297 325 3395 llither
345 3348 367 3395 ia
389 3347 477 3405 latim
499 3345 537 3393 ior
552 3346 657 3394 thereia
677 3350 724 3394 ‘ne
740 3362 826 3409 qua..
858 3348 982 3394 mmsitive
999 3346 1069 3395 verbs
1090 3362 1131 3395 are
1152 3350 1289 3396 sometimes
1306 3350 1364 3397 thus
1385 3350 1444 3398 used

240 3409 542 3473 macula..auacipiatur'
561 3412 587 3459 in
605 3410 649 3457 the
667 3411 759 3458 oration
780 3412 839 3467 Pro,
858 3410 1000 3473 absolutely,
1017 3412 1088 3460 when
1104 3412 1147 3460 tha
1165 3414 1245 3461 aedon
1266 3412 1323 3475 only
1344 3414 1364 3461 ia
1386 3430 1444 3462 con-

241 3475 350 3533 Fonteio,
361 3490 381 3523 e.
396 3477 434 3533 16,
450 3476 498 3523 and
514 3476 540 3522 in
555 3476 597 3523 the
612 3476 659 3523 Pro
676 3474 788 3535 Murena,
805 3491 826 3525 c.
858 3476 991 3539 templated
1004 3477 1052 3523 and
1066 3482 1111 3525 not
1127 3478 1169 3525 the
1184 3478 1255 3540 thing
1268 3483 1295 3526 to
1310 3478 1387 3526 which
1401 3480 1444 3527 the

241 3543 265 3598 b,
276 3541 349 3588 alike
359 3542 497 3602 expression
508 3556 599 3587 oscum.
858 3542 938 3589 action
950 3541 970 3588 is
981 3542 1093 3589 dlrected.
1126 3542 1285 3605 Accordingly
1296 3542 1327 3590 he
1336 3544 1444 3607 explains

267 3605 531 3666 pomam—amerit]
552 3605 626 3652 Halm
644 3618 698 3666 aaya
720 3603 775 3653 that
794 3604 826 3653 he
857 3605 939 3668 ‘quod
950 3605 1065 3667 egerunt’
1082 3610 1108 3655 to
1121 3606 1152 3655 be
1166 3608 1302 3671 equivalent
1317 3612 1344 3655 to
1365 3608 1444 3671 ‘quod

239 3667 283 3717 has
294 3668 369 3717 found
379 3684 412 3716 no
427 3670 497 3717 other
512 3670 622 3731 example
638 3668 667 3716 of
680 3669 730 3716 thia
743 3684 786 3716 uae
800 3670 829 3716 oi
856 3684 908 3717 non
918 3670 989 3718 otiosi
1001 3704 1007 3717 .
1020 3704 1026 3717 .
1040 3704 1046 3718 .
1060 3704 1066 3718 .
1078 3670 1192 3719 fuerunt'
1227 3670 1444 3733 Hehaagiranthe

239 3733 436 3795 ‘nraeipera’-‘
444 3733 598 3795 vectigalibus
611 3732 725 3781 nostriar'
745 3734 826 3781 thiais
857 3734 923 3795 right
944 3735 1072 3796 meaniuga
1101 3734 1145 3783 but
1170 3735 1263 3798 ‘quod’
1286 3736 1307 3782 ia
1330 3736 1379 3782 atill
1401 3736 1443 3783 tha

239 3798 303 3845 cited
324 3797 357 3859 hy
380 3798 453 3845 Halm
475 3812 502 3845 aa
522 3812 555 3845 an
576 3798 685 3845 instance
703 3798 728 3844 in
747 3797 826 3846 which
857 3798 963 3846 relative.
1009 3798 1021 3846 1
1044 3798 1114 3846 don't
1135 3800 1205 3847 know
1227 3799 1292 3846 what
1315 3798 1358 3845 the
1383 3800 1443 3847 ‘riri

238 3861 395 3923 ‘vectigalia’
413 3877 495 3909 meana
512 3867 557 3909 not
574 3862 640 3909 what
657 3876 724 3909 came
740 3867 767 3908 to
783 3862 826 3911 the
857 3862 936 3909 docti'
949 3862 1007 3909 took
1017 3864 1038 3910 it
1048 3868 1074 3909 to
1085 3862 1123 3910 be.

237 3926 348 3975 Romana
364 3926 426 3974 hom
441 3926 484 3974 the
500 3927 632 3987 provinces,
644 3925 689 3973 but
699 3926 742 3973 the
756 3926 825 3974 landa
890 3928 914 3974 4.
932 3940 1001 3973 omna
1011 3928 1132 3987 reliquam
1144 3926 1249 3988 ternpus]
1268 3925 1339 3973 Alter
1349 3926 1442 3973 thado·

238 4006 266 4039 or
282 3996 396 4052 country;
414 3991 462 4037 and
480 3991 512 4037 he
529 4005 652 4051 compares
669 3990 738 4037 Verr.
755 3991 781 4037 ii.
799 3992 824 4039 3.
912 4006 954 4037 ure
970 3990 998 4037 ol
1014 3990 1125 4037 Murena.
1158 3990 1210 4036 Tho
1229 3990 1350 4051 following
1365 3992 1443 4038 worda

237 4070 258 4103 c.
271 4056 296 4110 7.
331 4055 451 4102 Itiatrne
462 4054 515 4100 that
526 4054 610 4102 Cicero
625 4054 683 4101 does
695 4068 766 4101 maan
782 4054 825 4101 the
888 4070 918 4101 ra
935 4053 995 4101 been
1016 4054 1207 4101 misunderstood
1227 4054 1259 4115 by
1276 4068 1342 4101 some
1358 4054 1386 4101 oi
1401 4056 1443 4103 tha

237 4119 307 4167 landa
318 4134 346 4167 or
356 4124 466 4178 country,
477 4118 523 4164 but
532 4118 564 4164 ha
575 4118 690 4165 indicatea
704 4118 753 4164 thia
767 4118 826 4179 hya
856 4122 1051 4174 commentatora,
1071 4118 1149 4164 which
1170 4118 1191 4164 ia
1209 4132 1224 4164 a
1240 4132 1325 4164 reason
1347 4118 1385 4166 lor
1401 4134 1442 4166 ar·

237 4183 386 4230 termwhich
397 4196 480 4228 maana
488 4182 589 4229 another
597 4181 710 4241 thing,aa
722 4182 734 4228 1
746 4182 825 4229 think.
858 4182 966 4243 plaining
976 4182 1051 4229 them.
1086 4180 1253 4229 ‘Mithridates
1269 4182 1395 4244 employed
1410 4184 1443 4229 all

237 4248 311 4293 —¹in
328 4249 399 4294 Asiae
415 4244 494 4292 lncez'
512 4246 538 4292 in
557 4246 599 4291 rba
614 4244 661 4291 Pro
679 4245 750 4292 Rosc.
769 4246 824 4292 Am.
857 4246 901 4293 tha
918 4246 1000 4307 period
1015 4245 1093 4292 which
1108 4244 1217 4292 followed
1232 4246 1312 4292 notin
1322 4248 1404 4309 trying
1416 4254 1442 4293 to

237 4326 259 4358 c.
279 4312 296 4359 6
313 4312 381 4358 tbere
401 4311 422 4357 ia
442 4309 482 4356 ‘in
504 4309 557 4357 foro
573 4309 641 4357 etin
660 4322 701 4355 ora
717 4310 825 4357 omnium
858 4310 929 4357 make
945 4310 988 4356 tha
1005 4310 1046 4357 old
1064 4324 1113 4357 war
1134 4308 1263 4370 lorgotten,
1281 4310 1326 4357 but
1344 4312 1369 4357 in
1389 4326 1442 4373 pre·

238 4371 510 4438 quotidiaveraabatur!
537 4373 755 4435 'lbametaphorin
763 4373 823 4420 both
856 4374 1076 4435 paringl'cranaw
1087 4374 1153 4421 war)
1188 4374 1310 4437 ltiaeasy
1324 4377 1443 4436 togivea

239 4454 306 4487 cases
316 4440 373 4500 only
383 4453 507 4500 expresses
524 4442 591 4499 great
604 4437 735 4499 publicity;
751 4442 778 4485 to
793 4437 824 4485 ba
856 4438 967 4499 meaning
977 4442 1004 4485 to
1015 4438 1071 4487 thia.
1106 4438 1180 4486 Halm
1191 4438 1234 4487 has
1245 4440 1390 4489 understood
1401 4441 1443 4489 the

240 4503 320 4550 where
329 4504 398 4550 ttare
409 4518 449 4550 are
460 4518 533 4564 many
544 4516 643 4564 persona
653 4507 679 4548 to
690 4517 737 4548 see.
857 4518 957 4565 passage
967 4502 1047 4564 right..

273 4569 434 4628 triumpharit
449 4569 480 4614 L.
504 4570 611 4615 Murena
633 4567 690 4628 &cl
716 4568 761 4614 See
782 4566 825 4614 the
