3517 5325
227 451 235 465 ⁸
297 459 360 527 270
513 451 648 516 ORAT.
673 449 736 514 DE
761 444 967 512 IMPERIO
990 443 1060 510 CN.
1087 440 1289 507 ΡΟΜΡΕΙΙ

298 651 339 694 ne
365 626 495 691 uisenda
521 623 648 710 quidem
673 619 877 684 existimavit.
924 615 1038 700 ltaque
1062 636 1172 679 omnes
1194 635 1280 678 nnnc
1303 612 1337 675 in
1358 610 1398 674 iis
1422 609 1503 674 loeis

300 727 358 790 (ln.
384 722 573 807 Pompeium
596 721 680 783 sicut
702 719 849 802 aliquem,
876 737 940 779 non
963 737 1003 777 er
1027 715 1087 778 hac
1111 714 1189 776 urbe
1212 713 1352 786 missum,
1375 710 1434 774 sed
1461 711 1528 772 de¹

299 823 387 887 caelo
409 822 572 906 delapsum
596 819 779 881 intuentur:
805 835 890 877 nunc
915 813 1050 897 deniqne
1073 811 1228 896 incipiunt
1250 810 1379 874 credere
1405 809 1503 872 tuisse

299 919 442 983 homines
458 917 620 980 Romanos
635 915 694 977 hac
710 913 869 998 quondam
883 908 1100 981 continentia3
1125 909 1209 993 quod
1229 909 1297 991 jam
1320 907 1503 971 nationibus

300 1017 419 1082 exteris
446 1014 630 1078 incredibile
651 1034 688 1076 ac
713 1012 791 1074 falso
817 1009 987 1073 memoriae
1009 1007 1171 1092 proditum
1190 1006 1364 1069 videbatur.
1411 1005 1503 1068 Nunc

300 1114 423 1200 imperii
438 1113 536 1178 vestri
551 1112 700 1197 splendor
715 1109 776 1172 illis
795 1107 945 1194 gentibus
959 1106 1061 1170 lucem
1075 1105 1188 1168 afferre
1202 1105 1327 1189 coepit:
1352 1126 1437 1168 nunc
1457 1103 1504 1166 in·

300 1213 449 1298 telligunt
468 1233 532 1274 non
548 1211 616 1273 sine
637 1229 749 1272 caussa
771 1207 909 1290 majores
931 1225 1016 1279 suos,
1039 1211 1110 1266 tum
1128 1225 1225 1288 quum
1241 1224 1280 1266 ea
1295 1202 1505 1287 temperantia

301 1312 515 1396 magistratus·
538 1308 741 1384 habebamus,
768 1303 886 1368 servire
909 1301 1026 1386 populo
1057 1300 1202 1365 Romano
1231 1323 1327 1386 quam
1348 1301 1505 1385 imperare

300 1409 370 1473 aliis
384 1407 542 1472 maluisse.
587 1404 611 1467 J
613 1427 665 1468 am
681 1425 754 1467 vero
770 1403 817 1465 ita
831 1400 940 1464 faciles
953 1398 1062 1462 aditus
1079 1398 1123 1461 ad
1143 1419 1217 1461 enm
1239 1397 1443 1483 privatorum,
1459 1397 1506 1460 ita

301 1507 419 1571 liberae
434 1502 646 1590 querimoniae
661 1502 700 1565 de
715 1500 847 1564 aliorum
861 1497 985 1583 injuriis
999 1517 1070 1560 esse
1085 1496 1241 1574 dicuntur,
1259 1503 1296 1560 ut
1317 1496 1345 1560 is
1367 1496 1420 1580 qui
1435 1495 1505 1578 dig-

302 1604 404 1668 nitate
419 1601 613 1687 principibus
627 1599 754 1664 excellit
769 1597 924 1662 facilitate
938 1594 1055 1658 infimis
1068 1615 1128 1679 par
1144 1615 1214 1657 esse
1228 1594 1382 1658 videatur.
1426 1592 1452 1656 J
1452 1615 1506 1656 am

303 1708 459 1788 quantum
474 1699 612 1773 consilio,
630 1712 783 1782 quantum
799 1695 924 1759 dicendi
938 1692 1097 1780 gravitate
1112 1701 1146 1755 et
1161 1693 1253 1777 copia
1266 1694 1378 1767 valeat,
1395 1693 1506 1778 inquo

303 1802 373 1886 ipso
396 1801 480 1862 inest
504 1797 660 1882 quaedam
682 1783 822 1881 dignitas
845 1792 1059 1878 imperatoria,
1084 1813 1151 1868 vos,
1176 1792 1327 1872 Quirites,
1350 1793 1413 1856 hoc
1435 1793 1507 1877 ipso

304 1920 344 1962 ex
359 1897 429 1960 loco
442 1917 538 1979 saepe
550 1893 754 1976 cognovistis.
786 1892 902 1955 Fidem
911 1913 985 1955 vero
997 1892 1066 1975 ejus
1075 1897 1228 1974 quantam
1238 1890 1323 1954 inter
1332 1890 1437 1954 socios
1452 1913 1507 1954 ex·

305 1993 439 2059 istimari
454 1991 584 2077 putatis,
595 2013 689 2076 quam
706 1992 815 2054 hostes
827 2012 937 2053 omnes
951 1989 1090 2053 omnium
1105 2011 1259 2073 generum
1273 1988 1506 2053 sanctissimam

302 2090 498 2177 judicarint?
544 2088 752 2151 Humanitate
764 2088 832 2172 jam
846 2095 940 2150 tanta
954 2094 1004 2150 est
1018 2095 1057 2150 ut
1071 2086 1197 2149 difficile
1219 2087 1307 2151 dictu
1329 2088 1382 2161 sit,
1398 2098 1506 2152 utrum

305 2192 416 2254 hostes
431 2187 532 2271 magis
547 2186 698 2251 virtutem
713 2185 781 2269 ejus
795 2192 976 2270 pugnantes
990 2184 1156 2248 timuerint
1170 2206 1212 2246 an
1231 2185 1507 2249 mansuetudinem

306 2288 383 2352 victi
407 2285 583 2350 dilexerint.
640 2283 685 2348 Et
710 2285 875 2369 quisquam
901 2282 1062 2346 dubitabit
1085 2282 1162 2366 quin
1190 2282 1263 2345 hnic
1291 2282 1352 2346 hoc
1380 2291 1508 2347 tanturn

306 2385 423 2449 bellum
445 2383 726 2448 transmittendum
742 2381 794 2458 sit,
818 2381 871 2466 qui
894 2381 935 2443 ad
957 2381 1062 2444 omnia
1083 2388 1213 2444 nostrae
1233 2372 1403 2444 memoriae
1426 2380 1509 2444 bella

307 2483 503 2549 conficienda
519 2481 624 2545 divino
640 2481 777 2567 quodam
792 2480 922 2544 consilio
936 2486 1031 2544 natus
1046 2501 1116 2543 esse
1131 2479 1294 2543 videatur!

351 2580 434 2644 XV.
459 2580 504 2644 Et
534 2581 682 2666 quoniam
711 2579 889 2643 auctoritas
911 2583 1037 2664 q'uoque
1071 2577 1104 2640 in
1134 2577 1226 2641 bellis
1248 2578 1509 2642 administrandis

306 2681 442 2745 multum
457 2688 552 2765 atque
568 2679 700 2764 imperio
715 2678 843 2743 militari
862 2677 956 2754 valet,
972 2685 1060 2741 certe
1075 2677 1191 2740 nemini
1216 2677 1345 2740 dubium
1360 2684 1411 2740 est
1433 2676 1509 2761 quin

307 2800 345 2843 ea
371 2800 404 2841 re
430 2779 515 2841 idem
538 2778 589 2841 ille
613 2778 786 2861 imperator
807 2776 978 2862 plurimum
1001 2774 1113 2861 possit.
1159 2774 1377 2839 Vehementer
1400 2780 1509 2839 autem

306 2876 466 2961 pertinere
481 2876 522 2939 ad
537 2876 620 2939 bella
641 2875 902 2950 administranda,
918 2874 993 2959 quid
1015 2875 1133 2951 hostes,
1150 2874 1227 2958 quid
1249 2874 1328 2937 socii
1351 2873 1390 2936 de
1411 2873 1510 2958 impe

306 2974 467 3037 tatoribus
487 2974 604 3037 nostris
624 2973 816 3050 existiment,
834 2972 905 3057 'quis
927 2973 1063 3057 ignorat,
1085 2993 1183 3057 quum
1206 2971 1342 3035 sciamus
1365 2971 1510 3034 homiues

307 3072 340 3135 in
365 3072 467 3136 tantis
490 3073 585 3135 rebus
608 3078 645 3133 ut
668 3077 726 3134 aut
746 3077 954 3134 contemnant
974 3078 1033 3134 aut
1055 3078 1201 3134 metuant
1225 3079 1283 3134 aut
1307 3070 1433 3135 oderint
1450 3078 1510 3135 aut

307 3176 415 3233 ament
430 3168 576 3253 opinione
592 3189 652 3229 non
669 3167 773 3229 minus
788 3167 920 3231 etfama
935 3188 1031 3251 quam
1048 3167 1154 3251 aliqua
1175 3167 1299 3231 ratione
1322 3177 1410 3233 certa
1424 3190 1508 3231 com-

307 3266 448 3329 moverit
486 3264 578 3344 Quod
593 3264 692 3348 igitur
707 3285 822 3327 nomen
836 3286 984 3348 umquam
1000 3264 1032 3327 in
1047 3266 1123 3328 orbe
1137 3273 1294 3329 terrarum
1309 3265 1423 3329 clarius
1437 3265 1507 3342 luit,

309 3364 401 3445 cujus
416 3383 468 3424 res
482 3369 593 3446 gestae
616 3383 717 3447 pares,
735 3362 774 3425 de
798 3384 860 3446 quo
883 3362 1009 3426 homine
1031 3384 1096 3440 vos,
1114 3363 1146 3426 id
1169 3363 1253 3447 quod
1275 3364 1411 3427 maxime
1432 3363 1511 3427 facit

307 3458 540 3537 auctoritatem,
569 3466 661 3524 tanta
687 3468 721 3525 et
745 3468 813 3523 tam
838 3458 1002 3545 praeclara
1021 3460 1143 3545 judicia
1168 3460 1311 3525 lecistis?
1356 3462 1410 3524 An
1435 3482 1510 3523 vero

341 3668 373 3715 ee
387 3668 459 3726 locis]
489 3665 659 3715 heomctiou
680 3667 712 3729 by
731 3667 831 3729 Madvig
846 3668 895 3716 end
927 3668 1089 3718 aheberim
1129 3669 1188 3718 Erat
1205 3672 1315 3719 oratione
1332 3672 1391 3720 satis
1407 3672 1511 3733 amplus,

309 3732 421 3781 Benecke
432 3732 460 3779 of
467 3733 626 3780 theeommon
634 3732 738 3793 reading,
752 3734 806 3779 ‘his
818 3734 893 3781 locis!
927 3749 978 3781 rem
1000 3736 1132 3796 prudenter
1147 3735 1260 3793 ridebst;
1287 3737 1350 3783 ectio
1377 3751 1433 3784 vero
1459 3737 1513 3797 ejus

342 3798 371 3845 de
387 3798 465 3861 caelo]
486 3798 524 3845 Ad
545 3798 575 3849 Q.
595 3798 633 3844 Fr.
646 3798 663 3845 i.
682 3798 703 3844 l.
716 3813 737 3844 c.
754 3800 785 3845 2:
804 3798 894 3845 “Nam
928 3798 1066 3847 habebstet
1077 3800 1103 3846 in
1114 3815 1172 3847 voce
1189 3816 1302 3861 magnum
1318 3801 1469 3861 splendorem
1486 3806 1513 3849 et

310 3862 395 3910 Graeci
415 3863 510 3924 quidem
533 3864 566 3909 sic
585 3866 609 3910 te
624 3862 658 3908 ita
675 3862 794 3909 virentem
814 3863 894 3910 intue-
925 3864 1030 3911 inmoto
1041 3865 1337 3925 summsmdignitstem.”

309 3926 400 3973 buntur
414 3934 442 3973 ut
459 3927 576 3989 quendam
595 3942 624 3973 er
640 3927 761 3973 annalium
779 3928 895 3975 memorie
959 3931 1066 3976 emaum
1083 3930 1213 3990 ammas]
1244 3930 1351 3991 Perhaps
1371 3929 1415 3977 the
1433 3930 1514 3979 better

309 3998 353 4039 sut
367 3993 438 4038 etism
451 3992 481 4039 de
498 3992 563 4039 caelo
579 3992 686 4037 divinum
704 3992 826 4039 hominem
841 4006 894 4040 esse
926 3993 1032 4054 reading.
1059 3994 1113 4041 The
1121 3994 1219 4041 etheris
1229 3995 1515 4055 ‘omniumgentium.’-·

309 4056 335 4103 in
346 4057 493 4117 prouinciam
504 4056 629 4117 delapsum
640 4055 753 4117 putent.”
925 4062 932 4085 ⁴
943 4058 1100 4105 Humanitste
1106 4059 1157 4119 jem
1166 4066 1234 4106 tauta
1240 4059 1296 4106 est:'
1318 4059 1429 4107 Benecke
1435 4060 1516 4107 would

342 4122 420 4168 lucem
427 4122 517 4179 afferre
526 4120 632 4183 cespite]
651 4120 705 4167 The
716 4121 786 4169 other
797 4120 897 4183 reading
928 4136 996 4169 erese
1004 4123 1046 4170 the
1054 4130 1060 4150 ⁴
1066 4124 1134 4183 jam,'
1147 4123 1219 4184 being
1228 4124 1333 4171 inclined
1344 4130 1370 4171 to
1381 4125 1450 4171 think
1462 4124 1517 4171 thes

309 4184 435 4231 is‘lucem
448 4185 533 4231 affert!
928 4187 948 4233 it
967 4188 988 4233 is
1010 4202 1081 4235 never
1100 4188 1191 4249 placed.
1207 4189 1233 4234 in
1250 4189 1299 4235 this
1317 4204 1387 4235 sense
1404 4196 1429 4236 st
1445 4189 1516 4243 least.

343 4250 441 4295 &cendi
459 4250 593 4311 gravitate]
624 4248 709 4297 Cicero
731 4264 785 4310 says
807 4249 835 4297 ol
855 4250 898 4297 the
929 4258 1016 4313 except
1030 4259 1055 4299 st
1071 4252 1114 4299 the
1130 4252 1262 4313 beginning
1277 4254 1305 4299 ot
1319 4268 1334 4299 s
1348 4259 1470 4301 sentence.
1503 4253 1517 4300 1

310 4318 405 4373 oratory
418 4312 446 4359 ol
456 4312 583 4374 Pompeius
595 4314 705 4375 (Brutus,
717 4330 737 4361 c.
750 4314 808 4377 68):
827 4318 842 4342 “
851 4314 897 4363 Cn.
930 4317 1078 4364 don’tlmosr
1088 4318 1152 4363 what
1158 4332 1228 4364 sense
1234 4318 1266 4364 he
1276 4318 1343 4378 gives
1351 4323 1377 4366 to
1387 4319 1415 4365 it.
1434 4317 1517 4365 ‘lam'

312 4377 446 4438 Pompeius,
458 4377 494 4423 vir
504 4378 534 4424 sd
551 4380 632 4425 omniu
644 4394 739 4426 summa
755 4386 834 4437 uuus,
847 4395 898 4427 ms·
930 4380 1011 4428 msrlss
1021 4396 1053 4429 sn
1069 4382 1190 4443 emphasis
1206 4396 1239 4429 on
1257 4387 1263 4408 ⁶
1273 4382 1440 4438 humanitate,'
1455 4398 1483 4429 ss
1499 4382 1520 4429 it

307 4440 385 4502 jorem
405 4440 499 4488 dicendi
515 4442 613 4503 gloriam
633 4443 764 4499 habuisset,
776 4444 822 4491 uisi
841 4458 898 4493 enm
929 4445 988 4493 does
999 4444 1032 4509 (e.
1046 4446 1087 4511 ra)
1106 4446 1133 4494 in
1147 4447 1190 4496 the
1203 4447 1340 4509 expression
1357 4448 1452 4510 ‘Appia
1466 4446 1520 4507 ism

312 4505 408 4566 majoris
424 4505 515 4568 gloriae
526 4508 643 4571 cupiditas
653 4508 685 4557 sd
701 4507 799 4557 bellicas
813 4508 897 4557 lendes
930 4510 984 4559 ria'
