3517 5325
567 505 790 574 AMERINO
813 509 916 578 (lAP.
939 513 1077 580 33-35.
1382 515 1425 584 87

221 680 279 746 tibi
293 681 400 767 aliqua
414 687 571 767 exparte,
587 682 672 766 quod
686 681 772 746 salva
786 680 849 745 lide
863 681 994 767 possim,
1006 705 1147 769 parcere,
1165 704 1274 748 rursus
1289 683 1421 750 immuto

220 780 415 846 voluntatem
424 801 538 843 meam.
571 779 850 844 Venitenimmihi
863 781 1043 847 innuentem
1054 783 1186 848 orislui.
1219 783 1314 862 Tene,
1326 805 1422 869 quum

220 878 318 943 ceteri
333 879 411 943 socii
422 878 470 943 tui
481 877 629 963 lugerent
636 899 675 942 ac
684 879 936 956 seoccultarent,
949 889 986 944 ut
998 881 1058 946 hoc
1064 881 1220 967 judicium
1229 904 1292 947 non
1304 883 1343 946 de
1354 883 1421 948 illo-

220 999 289 1040 rum
300 977 429 1062 praeda,
441 977 498 1040 sed
507 977 547 1040 de
555 977 650 1061 hujus
660 977 814 1042 maleficio
822 977 1066 1059 fierivideretur,
1079 981 1277 1066 potissimum
1283 981 1341 1045 tibi
1351 1003 1421 1067 par·

220 1083 269 1140 tes
283 1076 363 1139 istas
374 1076 596 1161 depoposcisse
611 1075 694 1140 utin
706 1075 828 1160 jndicio
843 1099 1006 1142 versarere
1021 1085 1055 1142 et
1069 1080 1197 1144 sederes
1206 1101 1278 1144 cum
1293 1101 1421 1144 accusa·

220 1173 310 1238 torel
338 1174 410 1254 Qua
423 1173 456 1235 in
470 1173 590 1237 renihil
604 1173 690 1236 aliud
703 1173 882 1258 assequeris
897 1174 956 1238 nisi
968 1181 1005 1240 ut
1020 1177 1061 1239 ab
1075 1177 1221 1241 omnibus
1235 1177 1422 1242 mortalibus

218 1271 351 1335 audacia
358 1280 416 1336 tua
425 1279 637 1356 cognoscatur
647 1278 681 1334 et
689 1271 896 1355 impudentia.
934 1271 1048 1337 Occiso
1059 1274 1133 1338 Sex.
1151 1275 1277 1354 Roscio,
1291 1276 1344 1361 qui
1359 1275 1420 1360 pri·

219 1391 290 1433 mus
300 1369 463 1434 Ameriam
472 1369 620 1434 nuntiat?
652 1368 785 1432 Mallius
797 1368 940 1447 Glaucia,
958 1391 1051 1456 quem
1062 1372 1131 1456 jam
1144 1381 1239 1436 antea
1250 1373 1419 1451 nominavi,

219 1467 624 1532 tuuscliensetfamiliaris.
647 1466 730 1548 Quid
740 1467 873 1531 attinuit
882 1489 953 1530 eum
962 1465 1160 1552 potissimum
1170 1469 1316 1533 nuntiare
1325 1469 1419 1555 quod,

219 1567 247 1630 si
258 1567 376 1631 nullum
387 1567 455 1652 jam
463 1573 539 1631 ante
551 1565 715 1630 consilium
724 1565 766 1629 de
774 1573 877 1628 morte
886 1585 924 1629 ac
935 1566 975 1629 de
985 1566 1076 1630 bonis
1087 1567 1157 1652 ejus
1165 1567 1281 1631 inieras
1289 1567 1421 1632 nullam·

219 1685 281 1749 que
291 1663 480 1728 societatem
490 1685 592 1750 neque
602 1662 730 1727 sceleris
743 1683 844 1748 neque
854 1663 984 1747 praemii
995 1685 1067 1728 cum
1078 1663 1204 1729 homine
1216 1663 1278 1728 ullo
1289 1665 1419 1746 coleras,

220 1761 440 1826 adteminime
448 1762 588 1826 omnium
599 1762 796 1846 pertinebat!
820 1760 885 1824 Sua
896 1768 1010 1846 sponte
1021 1761 1151 1826 Mallius
1164 1761 1300 1828 nuntiat.
1325 1761 1420 1845 Quid,

220 1879 347 1945 quaeso,
364 1861 434 1946 ejus
448 1860 619 1925 intererat?
650 1860 713 1937 An,
729 1881 827 1945 quum
842 1857 1006 1923 Ameriam
1023 1881 1086 1924 non
1102 1861 1233 1946 hujusce
1248 1861 1293 1924 rei
1308 1881 1422 1926 caussa

220 1959 367 2036 venisset,
384 1980 459 2023 casu
473 1958 589 2023 accidit
603 1966 641 2024 ut
659 1959 691 2022 id
706 1958 790 2044 qnod
806 1957 928 2022 Romae
942 1958 1088 2023 audierat
1107 1959 1226 2044 primus
1239 1958 1422 2024 nuntiaret!

221 2055 320 2140 Gujus
334 2056 380 2120 rei
395 2077 509 2120 caussa
522 2064 653 2121 venerat
668 2056 855 2122 Ameriam!
900 2055 972 2119 Non
995 2077 1133 2142 possum,
1147 2057 1258 2143 inquit,
1271 2057 1420 2122 divinare.

221 2152 273 2217 Eo
287 2175 354 2218 rem
375 2153 442 2239 jam
457 2154 612 2219 adducam
634 2161 673 2219 ut
696 2155 775 2220 nibil
798 2155 992 2219 divinatione
1016 2176 1097 2240 opus
1112 2153 1166 2220 sit.
1212 2155 1283 2237 Qua
1298 2155 1422 2220 ratione

222 2250 338 2316 Roscio
364 2253 511 2338 Capitoni
531 2253 666 2338 primum
691 2251 871 2318 nuntiavit?
916 2253 1022 2334 Quum
1044 2253 1194 2317 Ameriae
1221 2253 1295 2316 Sex.
1313 2253 1421 2318 Roscii

221 2349 341 2428 domus,
351 2373 432 2416 uxor
446 2351 599 2436 liberique
613 2357 731 2429 esseut,
743 2373 840 2436 quum
851 2357 904 2416 tot
918 2350 1086 2436 propinqui
1098 2350 1288 2436 cognatique
1303 2351 1422 2435 optime

220 2448 449 2526 conuenientes,
467 2471 531 2535 qna
545 2449 667 2513 ratione
681 2449 801 2513 lactum
816 2455 919 2513 estut
941 2449 1002 2512 iste
1017 2456 1093 2512 tuus
1109 2447 1216 2524 eliens,
1233 2447 1360 2512 sceleris
1375 2447 1423 2512 tui

219 2546 359 2625 nuntius,
376 2547 415 2612 Τ.
432 2548 551 2612 Roscio
566 2547 716 2632 Oapitoni
737 2546 939 2631 potissimum
961 2545 1145 2610 nuntiaret?
1190 2543 1323 2609 Occisus
1337 2552 1388 2610 est
1402 2567 1423 2610 a

220 2666 317 2710 caena
329 2647 474 2711 rediens:
499 2645 638 2710 nondum
661 2643 788 2709 lucebat
809 2664 907 2729 quum
930 2643 1079 2708 Ameriae
1102 2642 1217 2708 scitum
1232 2651 1293 2709 est.
1339 2643 1423 2725 Quid

218 2743 271 2807 hic
285 2744 478 2808 incredibilis
493 2764 614 2817 cursus,
631 2742 706 2827 qnid
722 2742 800 2805 haec
814 2748 908 2805 tanta
917 2741 1062 2805 celeritas
1073 2741 1297 2827 festinatioque
1306 2742 1424 2828 signifi·

219 2844 294 2907 caat
354 2840 427 2905 Non
453 2860 571 2925 quaero
596 2840 666 2924 quis
689 2838 896 2923 percusserit.
948 2838 1043 2911 ,Nihil
1073 2846 1133 2915 est,
1165 2839 1308 2917 Glaucia,
1339 2841 1424 2925 quod

216 2946 355 3004 metuas.
400 2937 474 3001 Non
496 2936 625 3000 excutio
646 2936 722 3002 tesi
745 2935 819 3022 quid
834 2936 917 3000 forte
931 2935 1007 2999 ferri
1029 2934 1178 3013 habuisti,
1194 2958 1256 2999 non
1279 2943 1422 3002 scrutor:

217 3036 296 3102 nihil
310 3036 352 3101 ad
366 3058 416 3099 me
431 3034 569 3099 arbitror
590 3034 759 3121 pertinere.
805 3032 960 3115 Quoniam
984 3034 1076 3119 cujus
1098 3034 1228 3099 consilio
1244 3036 1366 3099 occisus
1380 3036 1424 3099 sit

218 3136 352 3213 invenio,
370 3134 462 3219 cujus
476 3155 573 3197 manu
595 3133 639 3198 sit
661 3154 830 3218 percussus
844 3154 909 3195 non
932 3132 1052 3197 laboro.
1098 3132 1209 3197 Unum
1232 3133 1293 3197 hoc
1319 3155 1421 3211 sumo,

219 3234 303 3320 quod
318 3232 395 3297 mihi
420 3240 568 3318 apertum
591 3239 683 3297 tuum
705 3230 808 3295 scelus
833 3252 947 3317 resque
972 3230 1139 3295 manifesta
1164 3232 1231 3297 dat.
1277 3231 1344 3295 Ubi
1366 3240 1423 3297 aut

218 3333 302 3396 unde
316 3331 437 3396 audivit
453 3330 610 3395 Glaucia!
654 3329 715 3410 Qui
730 3336 799 3393 tam
820 3329 886 3394 cito
909 3327 1023 3394 scivit!
1069 3329 1136 3393 Fac
1159 3329 1285 3394 audisse
1300 3330 1421 3395 statim.

220 3432 309 3513 Quae
324 3452 464 3495 raecum
489 3436 583 3493 nocte
606 3448 670 3492 una
692 3434 819 3492 tantum
841 3426 964 3491 itineris
990 3428 1182 3493 contendere
1209 3428 1324 3515 coegit,
1342 3449 1422 3515 quae

217 3529 391 3595 necessitas
413 3548 486 3591 enm
511 3534 605 3591 tanta
630 3527 798 3611 premebat
822 3532 869 3602 ut,
896 3524 924 3588 si
948 3546 1007 3589 sua
1032 3533 1145 3611 sponte
1169 3525 1231 3590 iter
1258 3524 1422 3589 Ameriam

218 3629 348 3706 faceret,
364 3626 397 3691 id
412 3624 565 3711 temporis
588 3624 694 3688 Roma
716 3622 949 3709 profisceretur,
975 3622 1092 3687 nullam
1114 3630 1239 3709 partem
1254 3624 1359 3688 noctis
1374 3644 1422 3687 re·

219 3726 414 3811 quiesceretl
458 3722 619 3786 XXXV.
643 3722 794 3786 Etiamne
807 3721 841 3785 in
861 3729 929 3786 tarn
951 3722 1127 3807 perspicuis
1148 3722 1243 3785 rebus
1257 3742 1421 3805 argumen-

111 3878 117 3884 .
219 3824 301 3890 tatio
316 3822 496 3909 quaerenda
521 3828 579 3885 ant
602 3820 788 3904 conjectura
812 3818 969 3905 capienda
994 3818 1056 3883 sit!
1111 3818 1224 3883 Nonne
1238 3817 1328 3881 vobis
1343 3816 1421 3881 haec

218 3943 300 4008 quae
314 3921 449 3985 audistis
464 3940 594 3984 cernere
609 3917 708 3982 oculis
722 3915 879 3993 videmini,
900 3914 1045 4000 judicael
1066 3936 1130 3977 non
1152 3914 1239 3977 illum
1261 3912 1419 3989 miserum,

217 4021 363 4106 ignarum
377 4040 471 4083 casm
485 4016 545 4095 sui,
561 4016 749 4080 redeuutem
763 4036 783 4077 a
798 4034 898 4077 caena
912 4008 1043 4077 videtisl
1064 4032 1128 4073 non
1142 4010 1264 4095 positas
1278 4007 1419 4085 insidias,

217 4140 283 4183 non
311 4118 466 4203 impetum
495 4114 719 4200 repentinum?
764 4110 839 4174 Non
868 4118 1017 4177 versatur
1041 4116 1117 4174 ante
1143 4108 1252 4173 oculos
1276 4106 1366 4172 vobis
1387 4108 1420 4173 in

217 4215 315 4280 caede
342 4212 494 4278 Glaucia!
516 4233 580 4275 non
605 4210 698 4274 adest
720 4210 781 4273 iste
797 4208 836 4273 T.
861 4208 1019 4273 Roscius?
1041 4230 1104 4272 non
1127 4206 1193 4273 suis
1216 4204 1360 4271 manibus
1386 4206 1418 4273 in

217 4336 313 4379 curru
336 4311 472 4377 collocat
495 4307 768 4375 Automedontem
791 4306 888 4385 illum,
914 4305 964 4371 sui
989 4304 1117 4371 sceleris
1145 4304 1340 4369 acerbissimi
1365 4328 1418 4371 ne-

251 4534 342 4594 opb’mc
352 4527 537 4590 ammata]
562 4525 623 4574 Thia
633 4524 654 4571 is
664 4522 718 4570 well
726 4526 803 4571 ιτιιιε-
835 4522 890 4571 beat
900 4526 975 4569 terma
984 4522 1042 4570 rrltb
1053 4521 1103 4569 him
1118 4522 1166 4569 and
1177 4521 1234 4570 with
1244 4536 1290 4569 one
1301 4522 1418 4573 another!

217 4597 284 4646 lated
295 4597 327 4659 by
338 4594 479 4644 Forcellini:
498 4592 551 4640 ‘fra
561 4590 625 4655 quali
637 4587 805 4652 punottlms
868 4589 909 4636 ³5.
926 4587 1127 4635 Andaraedoatem
1143 4588 1235 4647 iilum]
1277 4588 1340 4635 Such
1357 4590 1417 4637 alla.

218 4659 436 4726 corrispondenza,’
453 4658 525 4708 ‘who
540 4673 581 4707 are
597 4670 625 4704 or
638 4668 701 4703 nere
715 4667 747 4701 on
761 4651 804 4701 tba
836 4652 902 4703 aione
928 4656 955 4701 ιο
978 4652 1071 4703 Homer
1096 4652 1144 4701 and
1166 4652 1317 4701 well-known
1339 4652 1418 4703 Greek
