<?xml version="1.0" encoding="UTF-8"?>
<!DOCTYPE html PUBLIC "-//W3C//DTD XHTML 1.0 Transitional//EN"
    "http://www.w3.org/TR/xhtml1/DTD/xhtml1-transitional.dtd">
<html xmlns="http://www.w3.org/1999/xhtml" xml:lang="en" lang="en">
 <head>
  <title>
</title>
<meta http-equiv="Content-Type" content="text/html;charset=utf-8" />
  <meta name='ocr-system' content='tesseract 3.04.00' />
  <meta name='ocr-capabilities' content='ocr_page ocr_carea ocr_par ocr_line ocrx_word'/>
</head>
<body>
  <div class='ocr_page' id='page_1' title='image "./mtulliiciceroni02longgoog/mtulliiciceroni02longgoog_0168.png"; bbox 0 0 3517 5325; ppageno 0'>
   <div class='ocr_carea' id='block_1_1' title="bbox 702 489 1438 560">
    <p class='ocr_par' dir='ltr' id='par_1_1' title="bbox 702 489 1438 560">
     <span class='ocr_line' id='line_1_1' title="bbox 702 489 1438 560; baseline 0.005 -4"><span class='ocrx_word' id='word_1_1' title='bbox 702 490 804 556; x_wconf 79' lang='lat' dir='ltr'><strong>OAP.</strong></span> <span class='ocrx_word' id='word_1_2' title='bbox 827 489 967 560; x_wconf 76' lang='lat'><strong>47-53.</strong></span> <span class='ocrx_word' id='word_1_3' title='bbox 1376 494 1438 560; x_wconf 80' lang='lat'><strong>157</strong></span> 
     </span>
    </p>
   </div>
   <div class='ocr_carea' id='block_1_2' title="bbox 232 652 1444 1622">
    <p class='ocr_par' dir='ltr' id='par_1_2' title="bbox 232 652 1440 1112">
     <span class='ocr_line' id='line_1_2' title="bbox 233 652 1437 748; baseline 0.007 -30"><span class='ocrx_word' id='word_1_4' title='bbox 233 652 300 718; x_wconf 86' lang='lat' dir='ltr'><strong>telo</strong></span> <span class='ocrx_word' id='word_1_5' title='bbox 315 675 354 718; x_wconf 94' lang='lat' dir='ltr'><strong>eo</strong></span> <span class='ocrx_word' id='word_1_6' title='bbox 369 677 408 720; x_wconf 81' lang='lat' dir='ltr'><strong>sc</strong></span> <span class='ocrx_word' id='word_1_7' title='bbox 423 657 624 742; x_wconf 79' lang='lat' dir='ltr'><strong>repugnabit,</strong></span> <span class='ocrx_word' id='word_1_8' title='bbox 644 680 709 724; x_wconf 95' lang='lat' dir='ltr'><strong>non</strong></span> <span class='ocrx_word' id='word_1_9' title='bbox 730 662 865 726; x_wconf 89' lang='lat' dir='ltr'><strong>occides.</strong></span> <span class='ocrx_word' id='word_1_10' title='bbox 912 661 1005 744; x_wconf 81' lang='lat' dir='ltr'><strong>Quod</strong></span> <span class='ocrx_word' id='word_1_11' title='bbox 1026 659 1054 726; x_wconf 89' lang='lat' dir='ltr'><strong>si</strong></span> <span class='ocrx_word' id='word_1_12' title='bbox 1076 669 1242 748; x_wconf 79' lang='lat' dir='ltr'>repugnat,</span> <span class='ocrx_word' id='word_1_13' title='bbox 1268 683 1437 727; x_wconf 77' lang='lat' dir='ltr'><strong>nunorno</strong></span> 
     </span>
     <span class='ocr_line' id='line_1_3' title="bbox 235 752 1439 846; baseline 0.01 -32"><span class='ocrx_word' id='word_1_14' title='bbox 235 773 338 829; x_wconf 77' lang='lat' dir='ltr'><strong>nero,</strong></span> <span class='ocrx_word' id='word_1_15' title='bbox 353 752 415 817; x_wconf 90' lang='lat' dir='ltr'><strong>hoc</strong></span> <span class='ocrx_word' id='word_1_16' title='bbox 431 761 492 832; x_wconf 90' lang='lat' dir='ltr'><strong>est,</strong></span> <span class='ocrx_word' id='word_1_17' title='bbox 509 755 718 835; x_wconf 79' lang='lat' dir='ltr'><strong>conclamato,</strong></span> <span class='ocrx_word' id='word_1_18' title='bbox 734 767 771 823; x_wconf 90' lang='lat' dir='ltr'><strong>ut</strong></span> <span class='ocrx_word' id='word_1_19' title='bbox 792 759 889 846; x_wconf 82' lang='lat' dir='ltr'><strong>aliqui</strong></span> <span class='ocrx_word' id='word_1_20' title='bbox 911 759 1044 824; x_wconf 80' lang='lat' dir='ltr'><strong>audiunt</strong></span> <span class='ocrx_word' id='word_1_21' title='bbox 1062 765 1096 824; x_wconf 89' lang='lat' dir='ltr'><strong>et</strong></span> <span class='ocrx_word' id='word_1_22' title='bbox 1110 760 1308 826; x_wconf 83' lang='lat' dir='ltr'><strong>conveniunt.</strong></span> <span class='ocrx_word' id='word_1_23' title='bbox 1355 761 1439 842; x_wconf 73' lang='lat' dir='ltr'><strong>Quid</strong></span> 
     </span>
     <span class='ocr_line' id='line_1_4' title="bbox 232 850 1440 943; baseline 0.009 -31"><span class='ocrx_word' id='word_1_24' title='bbox 232 850 276 914; x_wconf 85' lang='lat' dir='ltr'><strong>ed</strong></span> <span class='ocrx_word' id='word_1_25' title='bbox 291 850 373 914; x_wconf 81' lang='lat' dir='ltr'><strong>hunc</strong></span> <span class='ocrx_word' id='word_1_26' title='bbox 387 850 589 917; x_wconf 82' lang='lat' dir='ltr'><strong>clementiam</strong></span> <span class='ocrx_word' id='word_1_27' title='bbox 610 855 684 920; x_wconf 79' lang='lat' dir='ltr'><strong>eddi</strong></span> <span class='ocrx_word' id='word_1_28' title='bbox 706 864 826 941; x_wconf 88' lang='lat' dir='ltr'><strong>potest,</strong></span> <span class='ocrx_word' id='word_1_29' title='bbox 842 857 897 942; x_wconf 90' lang='lat' dir='ltr'><strong>qni</strong></span> <span class='ocrx_word' id='word_1_30' title='bbox 912 879 952 921; x_wconf 92' lang='lat' dir='ltr'><strong>ne</strong></span> <span class='ocrx_word' id='word_1_31' title='bbox 970 857 1031 921; x_wconf 88' lang='lat' dir='ltr'><strong>hoe</strong></span> <span class='ocrx_word' id='word_1_32' title='bbox 1046 857 1172 942; x_wconf 89' lang='lat' dir='ltr'><strong>quidem</strong></span> <span class='ocrx_word' id='word_1_33' title='bbox 1187 859 1388 943; x_wconf 80' lang='lat' dir='ltr'><strong>permiserint</strong></span> <span class='ocrx_word' id='word_1_34' title='bbox 1402 865 1440 924; x_wconf 88' lang='lat' dir='ltr'><strong>ut</strong></span> 
     </span>
     <span class='ocr_line' id='line_1_5' title="bbox 233 948 1438 1036; baseline 0.008 -25"><span class='ocrx_word' id='word_1_35' title='bbox 233 948 321 1012; x_wconf 89' lang='lat' dir='ltr'><strong>domi</strong></span> <span class='ocrx_word' id='word_1_36' title='bbox 345 972 422 1014; x_wconf 78' lang='lat' dir='ltr'><strong>suae</strong></span> <span class='ocrx_word' id='word_1_37' title='bbox 448 959 547 1036; x_wconf 84' lang='lat' dir='ltr'><strong>ceput</strong></span> <span class='ocrx_word' id='word_1_38' title='bbox 572 973 666 1016; x_wconf 85' lang='lat' dir='ltr'><strong>suum</strong></span> <span class='ocrx_word' id='word_1_39' title='bbox 690 953 759 1019; x_wconf 88' lang='lat' dir='ltr'><strong>sinc</strong></span> <span class='ocrx_word' id='word_1_40' title='bbox 784 956 925 1020; x_wconf 89' lang='lat' dir='ltr'><strong>testibus</strong></span> <span class='ocrx_word' id='word_1_41' title='bbox 951 961 984 1020; x_wconf 87' lang='lat' dir='ltr'><strong>et</strong></span> <span class='ocrx_word' id='word_1_42' title='bbox 1009 955 1138 1020; x_wconf 78' lang='lat' dir='ltr'><strong>arbitris</strong></span> <span class='ocrx_word' id='word_1_43' title='bbox 1164 955 1247 1020; x_wconf 87' lang='lat' dir='ltr'><strong>ierro</strong></span> <span class='ocrx_word' id='word_1_44' title='bbox 1270 956 1438 1022; x_wconf 80' lang='lat' dir='ltr'>defendere</span> 
     </span>
     <span class='ocr_line' id='line_1_6' title="bbox 233 1045 811 1112; baseline 0.019 -4"><span class='ocrx_word' id='word_1_45' title='bbox 233 1045 367 1112; x_wconf 74' lang='lat' dir='ltr'><strong>liceret!</strong></span> <span class='ocrx_word' id='word_1_46' title='bbox 806 1059 811 1070; x_wconf 84' lang='grc'><strong><em>’</em></strong></span> 
     </span>
    </p>

    <p class='ocr_par' dir='ltr' id='par_1_3' title="bbox 234 1145 1444 1622">
     <span class='ocr_line' id='line_1_7' title="bbox 279 1145 1437 1239; baseline 0.008 -32"><span class='ocrx_word' id='word_1_47' title='bbox 279 1148 331 1210; x_wconf 82' lang='grc'><strong>51.</strong></span> <span class='ocrx_word' id='word_1_48' title='bbox 356 1145 434 1226; x_wconf 79' lang='lat' dir='ltr'><strong>Quis</strong></span> <span class='ocrx_word' id='word_1_49' title='bbox 456 1153 507 1211; x_wconf 88' lang='lat' dir='ltr'><strong>est</strong></span> <span class='ocrx_word' id='word_1_50' title='bbox 529 1147 580 1211; x_wconf 90' lang='lat' dir='ltr'><strong>cui</strong></span> <span class='ocrx_word' id='word_1_51' title='bbox 601 1149 705 1234; x_wconf 82' lang='lat' dir='ltr'><strong>magis</strong></span> <span class='ocrx_word' id='word_1_52' title='bbox 728 1150 850 1235; x_wconf 81' lang='lat' dir='ltr'><strong>ignosci</strong></span> <span class='ocrx_word' id='word_1_53' title='bbox 871 1150 1047 1230; x_wconf 85' lang='lat' dir='ltr'><strong>conveniet,</strong></span> <span class='ocrx_word' id='word_1_54' title='bbox 1065 1151 1213 1239; x_wconf 82' lang='lat' dir='ltr'><strong>quonium</strong></span> <span class='ocrx_word' id='word_1_55' title='bbox 1231 1173 1283 1216; x_wconf 91' lang='lat' dir='ltr'><strong>me</strong></span> <span class='ocrx_word' id='word_1_56' title='bbox 1302 1152 1344 1216; x_wconf 82' lang='lat' dir='ltr'><strong>sd</strong></span> <span class='ocrx_word' id='word_1_57' title='bbox 1361 1152 1437 1216; x_wconf 91' lang='lat' dir='ltr'><strong>XII</strong></span> 
     </span>
     <span class='ocr_line' id='line_1_8' title="bbox 234 1243 1437 1336; baseline 0.006 -30"><span class='ocrx_word' id='word_1_58' title='bbox 234 1243 364 1307; x_wconf 81' lang='lat' dir='ltr'><strong>tubulas</strong></span> <span class='ocrx_word' id='word_1_59' title='bbox 382 1265 522 1322; x_wconf 86' lang='lat' dir='ltr'><strong>revoces,</strong></span> <span class='ocrx_word' id='word_1_60' title='bbox 538 1266 633 1330; x_wconf 84' lang='lat' dir='ltr'><strong>quem</strong></span> <span class='ocrx_word' id='word_1_61' title='bbox 648 1247 676 1310; x_wconf 93' lang='lat' dir='ltr'><strong>si</strong></span> <span class='ocrx_word' id='word_1_62' title='bbox 691 1247 762 1333; x_wconf 86' lang='lat' dir='ltr'><strong>quis</strong></span> <span class='ocrx_word' id='word_1_63' title='bbox 784 1270 877 1334; x_wconf 87' lang='lat' dir='ltr'><strong>quem</strong></span> <span class='ocrx_word' id='word_1_64' title='bbox 900 1249 1083 1336; x_wconf 84' lang='lat' dir='ltr'><strong>imprudens</strong></span> <span class='ocrx_word' id='word_1_65' title='bbox 1105 1249 1281 1313; x_wconf 68' lang='lat' dir='ltr'><strong>occiderit?</strong></span> <span class='ocrx_word' id='word_1_66' title='bbox 1325 1249 1437 1330; x_wconf 87' lang='lat' dir='ltr'><strong>Nemo,</strong></span> 
     </span>
     <span class='ocr_line' id='line_1_9' title="bbox 235 1339 1439 1425; baseline 0.004 -20"><span class='ocrx_word' id='word_1_67' title='bbox 235 1339 357 1425; x_wconf 90' lang='lat' dir='ltr'><strong>opinor.</strong></span> <span class='ocrx_word' id='word_1_68' title='bbox 404 1341 497 1406; x_wconf 85' lang='lat' dir='ltr'><strong>Haec</strong></span> <span class='ocrx_word' id='word_1_69' title='bbox 512 1342 595 1406; x_wconf 90' lang='lat' dir='ltr'><strong>enim</strong></span> <span class='ocrx_word' id='word_1_70' title='bbox 610 1345 712 1410; x_wconf 82' lang='lat' dir='ltr'><strong>tuoitu</strong></span> <span class='ocrx_word' id='word_1_71' title='bbox 731 1346 784 1410; x_wconf 85' lang='lat' dir='ltr'><strong>lex</strong></span> <span class='ocrx_word' id='word_1_72' title='bbox 807 1355 857 1411; x_wconf 88' lang='lat' dir='ltr'><strong>est</strong></span> <span class='ocrx_word' id='word_1_73' title='bbox 879 1343 1153 1424; x_wconf 71' lang='lat' dir='ltr'><strong>humanitatis&#39;ut</strong></span> <span class='ocrx_word' id='word_1_74' title='bbox 1167 1347 1208 1411; x_wconf 84' lang='lat' dir='ltr'><strong>eh</strong></span> <span class='ocrx_word' id='word_1_75' title='bbox 1224 1347 1351 1412; x_wconf 88' lang='lat' dir='ltr'><strong>homine</strong></span> <span class='ocrx_word' id='word_1_76' title='bbox 1366 1369 1439 1410; x_wconf 88' lang='lat' dir='ltr'><strong>con-</strong></span> 
     </span>
     <span class='ocr_line' id='line_1_10' title="bbox 234 1437 1440 1529; baseline 0.005 -27"><span class='ocrx_word' id='word_1_77' title='bbox 234 1437 299 1502; x_wconf 84' lang='lat' dir='ltr'><strong>silii</strong></span> <span class='ocrx_word' id='word_1_78' title='bbox 322 1459 387 1503; x_wconf 95' lang='lat' dir='ltr'><strong>non</strong></span> <span class='ocrx_word' id='word_1_79' title='bbox 410 1439 558 1504; x_wconf 84' lang='lat' dir='ltr'><strong>iortunse</strong></span> <span class='ocrx_word' id='word_1_80' title='bbox 581 1463 686 1526; x_wconf 83' lang='lat' dir='ltr'><strong>poene</strong></span> <span class='ocrx_word' id='word_1_81' title='bbox 709 1451 885 1529; x_wconf 79' lang='lat' dir='ltr'><strong>repetatur.</strong></span> <span class='ocrx_word' id='word_1_82' title='bbox 942 1443 1062 1508; x_wconf 80' lang='lat' dir='ltr'><strong>Tamen</strong></span> <span class='ocrx_word' id='word_1_83' title='bbox 1087 1445 1219 1529; x_wconf 88' lang='lat' dir='ltr'><strong>hujusce</strong></span> <span class='ocrx_word' id='word_1_84' title='bbox 1245 1445 1291 1510; x_wconf 93' lang='lat' dir='ltr'><strong>rei</strong></span> <span class='ocrx_word' id='word_1_85' title='bbox 1317 1445 1440 1510; x_wconf 82' lang='lat' dir='ltr'><strong>venium</strong></span> 
     </span>
     <span class='ocr_line' id='line_1_11' title="bbox 234 1535 1444 1622; baseline 0.007 -24"><span class='ocrx_word' id='word_1_86' title='bbox 234 1535 374 1620; x_wconf 75' lang='lat' dir='ltr'><strong>majores</strong></span> <span class='ocrx_word' id='word_1_87' title='bbox 390 1558 453 1600; x_wconf 94' lang='lat' dir='ltr'><strong>non</strong></span> <span class='ocrx_word' id='word_1_88' title='bbox 473 1537 638 1602; x_wconf 89' lang='lat' dir='ltr'><strong>dederunt.</strong></span> <span class='ocrx_word' id='word_1_89' title='bbox 684 1539 768 1604; x_wconf 80' lang='lat' dir='ltr'><strong>Num</strong></span> <span class='ocrx_word' id='word_1_90' title='bbox 781 1540 834 1604; x_wconf 90' lang='lat' dir='ltr'><strong>lex</strong></span> <span class='ocrx_word' id='word_1_91' title='bbox 849 1547 899 1605; x_wconf 90' lang='lat' dir='ltr'><strong>est</strong></span> <span class='ocrx_word' id='word_1_92' title='bbox 915 1539 947 1604; x_wconf 92' lang='lat' dir='ltr'><strong>in</strong></span> <span class='ocrx_word' id='word_1_93' title='bbox 964 1539 1040 1604; x_wconf 90' lang='lat' dir='ltr'><strong>XII</strong></span> <span class='ocrx_word' id='word_1_94' title='bbox 1060 1542 1188 1622; x_wconf 81' lang='lat' dir='ltr'><strong>tubulis,</strong></span> <span class='ocrx_word' id='word_1_95' title='bbox 1205 1543 1256 1606; x_wconf 77' lang='lat' dir='ltr'><strong>SI</strong></span> <span class='ocrx_word' id='word_1_96' title='bbox 1275 1543 1362 1608; x_wconf 82' lang='lat' dir='ltr'><strong>TEL</strong></span> <span class='ocrx_word' id='word_1_97' title='bbox 1370 1543 1444 1606; x_wconf 80' lang='grc' dir='ltr'><strong>ΠΜ</strong></span> 
     </span>
    </p>
   </div>
   <div class='ocr_carea' id='block_1_3' title="bbox 234 1633 1396 1786">
    <p class='ocr_par' dir='ltr' id='par_1_4' title="bbox 234 1633 1396 1786">
     <span class='ocr_line' id='line_1_12' title="bbox 234 1633 1396 1780; baseline 0.007 -84"><span class='ocrx_word' id='word_1_98' title='bbox 234 1633 349 1697; x_wconf 82' lang='lat' dir='ltr'><strong>MAN</strong></span> <span class='ocrx_word' id='word_1_99' title='bbox 354 1633 388 1697; x_wconf 89' lang='lat' dir='ltr'><em>U</em></span> <span class='ocrx_word' id='word_1_100' title='bbox 397 1634 559 1780; x_wconf 58' lang='lat' dir='ltr'><strong>Wrim</strong></span> <span class='ocrx_word' id='word_1_101' title='bbox 576 1636 732 1700; x_wconf 77' lang='lat' dir='ltr'><strong><em>MAGIS</em></strong></span> <span class='ocrx_word' id='word_1_102' title='bbox 754 1637 893 1717; x_wconf 77' lang='lat' dir='ltr'><em>QUAM</em></span> <span class='ocrx_word' id='word_1_103' title='bbox 910 1637 1051 1702; x_wconf 81' lang='lat' dir='ltr'><em>JEOIT</em></span> <span class='ocrx_word' id='word_1_104' title='bbox 1203 1641 1224 1687; x_wconf 92' lang='lat'><em>*</em></span> <span class='ocrx_word' id='word_1_105' title='bbox 1376 1642 1396 1688; x_wconf 89' lang='lat'><strong>*</strong></span> 
     </span>
     <span class='ocr_line' id='line_1_13' title="bbox 709 1736 1203 1786; baseline 0.008 -5"><span class='ocrx_word' id='word_1_106' title='bbox 709 1736 730 1782; x_wconf 67' lang='lat' dir='ltr'><strong>e</strong></span> <span class='ocrx_word' id='word_1_107' title='bbox 947 1736 967 1782; x_wconf 84' lang='lat'><strong>*</strong></span> <span class='ocrx_word' id='word_1_108' title='bbox 1183 1740 1203 1786; x_wconf 82' lang='lat'><strong>*</strong></span> 
     </span>
    </p>
   </div>
   <div class='ocr_carea' id='block_1_4' title="bbox 235 1829 1442 2697">
    <p class='ocr_par' dir='ltr' id='par_1_5' title="bbox 235 1829 1440 2112">
     <span class='ocr_line' id='line_1_14' title="bbox 281 1829 1440 1920; baseline 0.005 -26"><span class='ocrx_word' id='word_1_109' title='bbox 281 1833 333 1895; x_wconf 77' lang='lat'><strong>52.</strong></span> <span class='ocrx_word' id='word_1_110' title='bbox 357 1829 391 1894; x_wconf 89' lang='lat' dir='ltr'><strong>Si</strong></span> <span class='ocrx_word' id='word_1_111' title='bbox 413 1830 466 1916; x_wconf 89' lang='lat' dir='ltr'><strong>qui</strong></span> <span class='ocrx_word' id='word_1_112' title='bbox 494 1831 595 1895; x_wconf 84' lang='lat' dir='ltr'><strong>iurem</strong></span> <span class='ocrx_word' id='word_1_113' title='bbox 621 1831 783 1912; x_wconf 90' lang='lat' dir='ltr'><strong>occiderit,</strong></span> <span class='ocrx_word' id='word_1_114' title='bbox 808 1833 924 1920; x_wconf 82' lang='lat' dir='ltr'><strong>injuris</strong></span> <span class='ocrx_word' id='word_1_115' title='bbox 951 1833 1115 1900; x_wconf 86' lang='lat' dir='ltr'><strong>occiderit.</strong></span> <span class='ocrx_word' id='word_1_116' title='bbox 1161 1835 1264 1917; x_wconf 78' lang='lat' dir='ltr'><strong>Quem</strong></span> <span class='ocrx_word' id='word_1_117' title='bbox 1288 1836 1329 1900; x_wconf 94' lang='lat' dir='ltr'><strong>ob</strong></span> <span class='ocrx_word' id='word_1_118' title='bbox 1352 1837 1440 1900; x_wconf 76' lang='lat' dir='ltr'><strong>remi</strong></span> 
     </span>
     <span class='ocr_line' id='line_1_15' title="bbox 237 1928 1440 2014; baseline 0.004 -22"><span class='ocrx_word' id='word_1_119' title='bbox 237 1928 312 2014; x_wconf 83' lang='lat' dir='ltr'><strong>quia</strong></span> <span class='ocrx_word' id='word_1_120' title='bbox 322 1929 377 2013; x_wconf 86' lang='lat' dir='ltr'><strong>jus</strong></span> <span class='ocrx_word' id='word_1_121' title='bbox 390 1929 601 1994; x_wconf 89' lang='lat' dir='ltr'><strong>constitutum</strong></span> <span class='ocrx_word' id='word_1_122' title='bbox 616 1929 735 1995; x_wconf 90' lang='lat' dir='ltr'><strong>nullum</strong></span> <span class='ocrx_word' id='word_1_123' title='bbox 750 1939 811 1998; x_wconf 85' lang='lat' dir='ltr'><strong>est.</strong></span> <span class='ocrx_word' id='word_1_124' title='bbox 857 1932 941 2013; x_wconf 82' lang='lat' dir='ltr'><strong>Quid</strong></span> <span class='ocrx_word' id='word_1_125' title='bbox 956 1931 984 1996; x_wconf 93' lang='lat' dir='ltr'><strong>si</strong></span> <span class='ocrx_word' id='word_1_126' title='bbox 998 1955 1033 1998; x_wconf 90' lang='lat' dir='ltr'><strong>se</strong></span> <span class='ocrx_word' id='word_1_127' title='bbox 1047 1934 1112 1998; x_wconf 87' lang='lat' dir='ltr'><strong>telo</strong></span> <span class='ocrx_word' id='word_1_128' title='bbox 1128 1933 1328 1998; x_wconf 76' lang='lat' dir='ltr'><strong>defenderit!</strong></span> <span class='ocrx_word' id='word_1_129' title='bbox 1366 1933 1440 1998; x_wconf 88' lang='lat' dir='ltr'><strong>Non</strong></span> 
     </span>
     <span class='ocr_line' id='line_1_16' title="bbox 235 2026 1397 2112; baseline 0.008 -22"><span class='ocrx_word' id='word_1_130' title='bbox 235 2027 360 2112; x_wconf 81' lang='lat' dir='ltr'><strong>injurie.</strong></span> <span class='ocrx_word' id='word_1_131' title='bbox 406 2026 488 2107; x_wconf 77' lang='lat' dir='ltr'><strong>Quid</strong></span> <span class='ocrx_word' id='word_1_132' title='bbox 503 2028 571 2094; x_wconf 76' lang='lat' dir='ltr'><strong>itui</strong></span> <span class='ocrx_word' id='word_1_133' title='bbox 615 2028 698 2109; x_wconf 79' lang='lat' dir='ltr'><strong>Quis</strong></span> <span class='ocrx_word' id='word_1_134' title='bbox 712 2030 923 2096; x_wconf 87' lang='lat' dir='ltr'><strong>constitutum</strong></span> <span class='ocrx_word' id='word_1_135' title='bbox 939 2037 990 2096; x_wconf 89' lang='lat' dir='ltr'><strong>est</strong></span> <span class='ocrx_word' id='word_1_136' title='bbox 1162 2033 1183 2080; x_wconf 84' lang='lat'><strong>&#39;¹‘</strong></span> <span class='ocrx_word' id='word_1_137' title='bbox 1376 2034 1397 2081; x_wconf 84' lang='lat'><strong>&#39;¹‘</strong></span> 
     </span>
    </p>

    <p class='ocr_par' dir='ltr' id='par_1_6' title="bbox 469 2128 1202 2178">
     <span class='ocr_line' id='line_1_17' title="bbox 469 2128 1202 2178; baseline 0.008 -5"><span class='ocrx_word' id='word_1_138' title='bbox 469 2128 491 2173; x_wconf 82' lang='grc'>*</span> <span class='ocrx_word' id='word_1_139' title='bbox 705 2131 727 2178; x_wconf 80' lang='grc'><strong><em>*</em></strong></span> <span class='ocrx_word' id='word_1_140' title='bbox 943 2131 963 2178; x_wconf 73' lang='lat' dir='ltr'><strong>lt</strong></span> <span class='ocrx_word' id='word_1_141' title='bbox 1182 2132 1202 2178; x_wconf 84' lang='lat'>*</span> 
     </span>
    </p>

    <p class='ocr_par' dir='ltr' id='par_1_7' title="bbox 236 2225 1442 2697">
     <span class='ocr_line' id='line_1_18' title="bbox 280 2225 1440 2312; baseline 0.006 -27"><span class='ocrx_word' id='word_1_142' title='bbox 280 2225 331 2288; x_wconf 84' lang='lat'><strong>53.</strong></span> <span class='ocrx_word' id='word_1_143' title='bbox 414 2225 434 2271; x_wconf 88' lang='grc'>*</span> <span class='ocrx_word' id='word_1_144' title='bbox 543 2228 563 2268; x_wconf 76' lang='lat'><strong>¹*</strong></span> <span class='ocrx_word' id='word_1_145' title='bbox 658 2233 767 2292; x_wconf 79' lang='lat' dir='ltr'><strong>trunen</strong></span> <span class='ocrx_word' id='word_1_146' title='bbox 802 2250 912 2292; x_wconf 87' lang='lat' dir='ltr'><strong>verum</strong></span> <span class='ocrx_word' id='word_1_147' title='bbox 946 2227 1067 2292; x_wconf 81' lang='lat' dir='ltr'><strong>sectum</strong></span> <span class='ocrx_word' id='word_1_148' title='bbox 1102 2235 1190 2292; x_wconf 91' lang='lat' dir='ltr'><strong>esset</strong></span> <span class='ocrx_word' id='word_1_149' title='bbox 1230 2228 1309 2312; x_wconf 92' lang='lat' dir='ltr'><strong>[non</strong></span> <span class='ocrx_word' id='word_1_150' title='bbox 1344 2227 1440 2292; x_wconf 91' lang='lat' dir='ltr'><strong>modo</strong></span> 
     </span>
     <span class='ocr_line' id='line_1_19' title="bbox 236 2320 1441 2410; baseline 0.003 -28"><span class='ocrx_word' id='word_1_151' title='bbox 236 2320 374 2403; x_wconf 59' lang='lat' dir='ltr'><strong>servos}</strong></span> <span class='ocrx_word' id='word_1_152' title='bbox 396 2328 504 2386; x_wconf 84' lang='lat' dir='ltr'><strong>tumen</strong></span> <span class='ocrx_word' id='word_1_153' title='bbox 526 2321 559 2386; x_wconf 93' lang='lat' dir='ltr'><strong>in</strong></span> <span class='ocrx_word' id='word_1_154' title='bbox 583 2345 621 2387; x_wconf 94' lang='lat' dir='ltr'><strong>eo</strong></span> <span class='ocrx_word' id='word_1_155' title='bbox 644 2323 713 2409; x_wconf 94' lang='lat' dir='ltr'><strong>ipso</strong></span> <span class='ocrx_word' id='word_1_156' title='bbox 736 2324 807 2388; x_wconf 91' lang='lat' dir='ltr'><strong>loco</strong></span> <span class='ocrx_word' id='word_1_157' title='bbox 833 2325 888 2410; x_wconf 91' lang='lat' dir='ltr'><strong>qui</strong></span> <span class='ocrx_word' id='word_1_158' title='bbox 911 2331 987 2388; x_wconf 86' lang='lat' dir='ltr'><strong>tuus</strong></span> <span class='ocrx_word' id='word_1_159' title='bbox 1008 2331 1104 2399; x_wconf 88' lang='lat' dir='ltr'><strong>esset,</strong></span> <span class='ocrx_word' id='word_1_160' title='bbox 1128 2346 1192 2386; x_wconf 93' lang='lat' dir='ltr'><strong>non</strong></span> <span class='ocrx_word' id='word_1_161' title='bbox 1214 2325 1309 2388; x_wconf 90' lang='lat' dir='ltr'><strong>modo</strong></span> <span class='ocrx_word' id='word_1_162' title='bbox 1331 2345 1441 2386; x_wconf 88' lang='lat' dir='ltr'><strong>servos</strong></span> 
     </span>
     <span class='ocr_line' id='line_1_20' title="bbox 239 2417 1442 2506; baseline 0.003 -26"><span class='ocrx_word' id='word_1_163' title='bbox 239 2417 288 2480; x_wconf 90' lang='lat' dir='ltr'><strong>M.</strong></span> <span class='ocrx_word' id='word_1_164' title='bbox 304 2417 399 2482; x_wconf 84' lang='lat' dir='ltr'><strong>Tullii</strong></span> <span class='ocrx_word' id='word_1_165' title='bbox 422 2419 566 2484; x_wconf 88' lang='lat' dir='ltr'><strong>occidere</strong></span> <span class='ocrx_word' id='word_1_166' title='bbox 583 2421 655 2505; x_wconf 88' lang='lat' dir='ltr'><strong>jure</strong></span> <span class='ocrx_word' id='word_1_167' title='bbox 678 2443 742 2486; x_wconf 90' lang='lat' dir='ltr'><strong>non</strong></span> <span class='ocrx_word' id='word_1_168' title='bbox 765 2421 908 2506; x_wconf 89' lang='lat' dir='ltr'><strong>potuisti,</strong></span> <span class='ocrx_word' id='word_1_169' title='bbox 924 2443 1032 2484; x_wconf 85' lang='lat' dir='ltr'><strong>verum</strong></span> <span class='ocrx_word' id='word_1_170' title='bbox 1056 2419 1163 2498; x_wconf 83' lang='lat' dir='ltr'><strong>etiem,</strong></span> <span class='ocrx_word' id='word_1_171' title='bbox 1186 2420 1213 2484; x_wconf 91' lang='lat' dir='ltr'><strong>si</strong></span> <span class='ocrx_word' id='word_1_172' title='bbox 1236 2427 1359 2485; x_wconf 87' lang='lat' dir='ltr'><strong>tectum</strong></span> <span class='ocrx_word' id='word_1_173' title='bbox 1381 2421 1442 2484; x_wconf 89' lang='lat' dir='ltr'><strong>hoc</strong></span> 
     </span>
     <span class='ocr_line' id='line_1_21' title="bbox 236 2514 1442 2602; baseline 0.003 -25"><span class='ocrx_word' id='word_1_174' title='bbox 236 2514 390 2581; x_wconf 79' lang='lat' dir='ltr'><strong>insciente</strong></span> <span class='ocrx_word' id='word_1_175' title='bbox 404 2524 461 2581; x_wconf 86' lang='lat' dir='ltr'><strong>uut</strong></span> <span class='ocrx_word' id='word_1_176' title='bbox 474 2538 531 2602; x_wconf 91' lang='lat' dir='ltr'><strong>per</strong></span> <span class='ocrx_word' id='word_1_177' title='bbox 545 2517 608 2580; x_wconf 84' lang='lat' dir='ltr'><strong>vim</strong></span> <span class='ocrx_word' id='word_1_178' title='bbox 623 2517 794 2582; x_wconf 91' lang='lat' dir='ltr'><strong>demolitus</strong></span> <span class='ocrx_word' id='word_1_179' title='bbox 811 2539 908 2595; x_wconf 83' lang='lat' dir='ltr'><strong>esses,</strong></span> <span class='ocrx_word' id='word_1_180' title='bbox 924 2518 1009 2601; x_wconf 94' lang='lat' dir='ltr'><strong>quod</strong></span> <span class='ocrx_word' id='word_1_181' title='bbox 1031 2516 1082 2580; x_wconf 91' lang='lat' dir='ltr'><strong>hic</strong></span> <span class='ocrx_word' id='word_1_182' title='bbox 1105 2517 1138 2579; x_wconf 95' lang='lat' dir='ltr'><strong>in</strong></span> <span class='ocrx_word' id='word_1_183' title='bbox 1160 2523 1216 2580; x_wconf 90' lang='lat' dir='ltr'><strong>tuo</strong></span> <span class='ocrx_word' id='word_1_184' title='bbox 1238 2516 1442 2581; x_wconf 76' lang='lat' dir='ltr'><strong>aedificasset</strong></span> 
     </span>
     <span class='ocr_line' id='line_1_22' title="bbox 236 2612 1441 2697; baseline 0.002 -20"><span class='ocrx_word' id='word_1_185' title='bbox 236 2619 385 2677; x_wconf 85' lang='lat' dir='ltr'><strong>etenum</strong></span> <span class='ocrx_word' id='word_1_186' title='bbox 406 2635 476 2678; x_wconf 84' lang='lat' dir='ltr'><strong>esse</strong></span> <span class='ocrx_word' id='word_1_187' title='bbox 499 2613 692 2691; x_wconf 80' lang='lat' dir='ltr'><strong>defenderet,</strong></span> <span class='ocrx_word' id='word_1_188' title='bbox 709 2613 742 2677; x_wconf 94' lang='lat' dir='ltr'><strong>id</strong></span> <span class='ocrx_word' id='word_1_189' title='bbox 764 2613 793 2677; x_wconf 86' lang='lat' dir='ltr'><strong>vi</strong></span> <span class='ocrx_word' id='word_1_190' title='bbox 815 2620 874 2678; x_wconf 82' lang='lat' dir='ltr'><strong>sut</strong></span> <span class='ocrx_word' id='word_1_191' title='bbox 897 2613 977 2678; x_wconf 83' lang='lat' dir='ltr'><strong>clem</strong></span> <span class='ocrx_word' id='word_1_192' title='bbox 998 2613 1119 2679; x_wconf 82' lang='lat' dir='ltr'><strong>lectum</strong></span> <span class='ocrx_word' id='word_1_193' title='bbox 1137 2612 1346 2697; x_wconf 79' lang='lat' dir='ltr'><strong>judicaretur.</strong></span> <span class='ocrx_word' id='word_1_194' title='bbox 1392 2613 1441 2679; x_wconf 89' lang='lat' dir='ltr'><strong>Tu</strong></span> 
     </span>
    </p>
   </div>
   <div class='ocr_carea' id='block_1_5' title="bbox 234 2710 1441 2895">
    <p class='ocr_par' dir='ltr' id='par_1_8' title="bbox 234 2710 1441 2895">
     <span class='ocr_line' id='line_1_23' title="bbox 234 2710 1441 2799; baseline 0.001 -25"><span class='ocrx_word' id='word_1_195' title='bbox 234 2711 304 2797; x_wconf 90' lang='lat' dir='ltr'><strong>ipsc</strong></span> <span class='ocrx_word' id='word_1_196' title='bbox 315 2714 385 2795; x_wconf 82' lang='lat' dir='ltr'><strong>jum</strong></span> <span class='ocrx_word' id='word_1_197' title='bbox 400 2720 509 2777; x_wconf 81' lang='lat' dir='ltr'><strong>statue</strong></span> <span class='ocrx_word' id='word_1_198' title='bbox 523 2732 619 2795; x_wconf 84' lang='lat' dir='ltr'><strong>quum</strong></span> <span class='ocrx_word' id='word_1_199' title='bbox 637 2732 747 2775; x_wconf 86' lang='lat' dir='ltr'><strong>verum</strong></span> <span class='ocrx_word' id='word_1_200' title='bbox 769 2710 822 2787; x_wconf 87' lang='lat' dir='ltr'><strong>sit,</strong></span> <span class='ocrx_word' id='word_1_201' title='bbox 838 2732 936 2795; x_wconf 89' lang='lat' dir='ltr'><strong>quum</strong></span> <span class='ocrx_word' id='word_1_202' title='bbox 959 2732 1078 2796; x_wconf 82' lang='lat' dir='ltr'><strong>paucas</strong></span> <span class='ocrx_word' id='word_1_203' title='bbox 1094 2712 1218 2799; x_wconf 83' lang='lat' dir='ltr'><strong>tegulas</strong></span> <span class='ocrx_word' id='word_1_204' title='bbox 1232 2712 1369 2797; x_wconf 87' lang='lat' dir='ltr'><strong>dejicere</strong></span> <span class='ocrx_word' id='word_1_205' title='bbox 1384 2712 1441 2775; x_wconf 90' lang='lat' dir='ltr'><strong>im·</strong></span> 
     </span>
     <span class='ocr_line' id='line_1_24' title="bbox 234 2807 1440 2895; baseline 0 -22"><span class='ocrx_word' id='word_1_206' title='bbox 234 2831 322 2895; x_wconf 92' lang='lat' dir='ltr'><strong>pune</strong></span> <span class='ocrx_word' id='word_1_207' title='bbox 335 2808 454 2871; x_wconf 77' lang='lat' dir='ltr'><strong>familie</strong></span> <span class='ocrx_word' id='word_1_208' title='bbox 468 2814 525 2872; x_wconf 82' lang='lat' dir='ltr'><strong>tue</strong></span> <span class='ocrx_word' id='word_1_209' title='bbox 545 2828 609 2871; x_wconf 93' lang='lat' dir='ltr'><strong>non</strong></span> <span class='ocrx_word' id='word_1_210' title='bbox 628 2807 780 2893; x_wconf 89' lang='lat' dir='ltr'><strong>potuerit,</strong></span> <span class='ocrx_word' id='word_1_211' title='bbox 795 2807 967 2871; x_wconf 78' lang='lat' dir='ltr'><strong>munimem</strong></span> <span class='ocrx_word' id='word_1_212' title='bbox 982 2808 1111 2872; x_wconf 80' lang='lat' dir='ltr'><strong>caedem</strong></span> <span class='ocrx_word' id='word_1_213' title='bbox 1126 2808 1194 2873; x_wconf 88' lang='lat' dir='ltr'><strong>sine</strong></span> <span class='ocrx_word' id='word_1_214' title='bbox 1209 2808 1320 2873; x_wconf 81' lang='lat' dir='ltr'><strong>frende</strong></span> <span class='ocrx_word' id='word_1_215' title='bbox 1335 2808 1440 2873; x_wconf 81' lang='lat' dir='ltr'><strong>lacere</strong></span> 
     </span>
    </p>
   </div>
   <div class='ocr_carea' id='block_1_6' title="bbox 226 3041 1450 4653">
    <p class='ocr_par' dir='ltr' id='par_1_9' title="bbox 234 3041 1444 3171">
     <span class='ocr_line' id='line_1_25' title="bbox 273 3041 1443 3106; baseline 0.002 -16"><span class='ocrx_word' id='word_1_216' title='bbox 273 3043 347 3100; x_wconf 79' lang='lat' dir='ltr'><strong>Quod</strong></span> <span class='ocrx_word' id='word_1_217' title='bbox 366 3042 401 3105; x_wconf 80' lang='lat' dir='ltr'><strong>er]</strong></span> <span class='ocrx_word' id='word_1_218' title='bbox 434 3042 494 3091; x_wconf 80' lang='lat' dir='ltr'><strong>eod.</strong></span> <span class='ocrx_word' id='word_1_219' title='bbox 524 3055 636 3100; x_wconf 78' lang='lat' dir='ltr'><strong>unoss13</strong></span> <span class='ocrx_word' id='word_1_220' title='bbox 663 3041 741 3089; x_wconf 92' lang='lat' dir='ltr'><strong>which</strong></span> <span class='ocrx_word' id='word_1_221' title='bbox 768 3057 825 3105; x_wconf 90' lang='lat' dir='ltr'><strong>pro·</strong></span> <span class='ocrx_word' id='word_1_222' title='bbox 858 3042 1190 3106; x_wconf 86' lang='lat' dir='ltr'><strong>CompereDeOrstore,iii.</strong></span> <span class='ocrx_word' id='word_1_223' title='bbox 1204 3046 1252 3101; x_wconf 78' lang='lat'><strong>³9;</strong></span> <span class='ocrx_word' id='word_1_224' title='bbox 1271 3044 1349 3091; x_wconf 86' lang='lat' dir='ltr'><strong>where</strong></span> <span class='ocrx_word' id='word_1_225' title='bbox 1360 3044 1443 3092; x_wconf 87' lang='lat' dir='ltr'><strong>Cicero</strong></span> 
     </span>
     <span class='ocr_line' id='line_1_26' title="bbox 234 3107 1444 3171; baseline -0.001 -15"><span class='ocrx_word' id='word_1_226' title='bbox 234 3108 309 3171; x_wconf 85' lang='lat' dir='ltr'><strong>hehly</strong></span> <span class='ocrx_word' id='word_1_227' title='bbox 319 3112 454 3170; x_wconf 88' lang='lat' dir='ltr'><strong>represents</strong></span> <span class='ocrx_word' id='word_1_228' title='bbox 466 3108 621 3155; x_wconf 74' lang='lat' dir='ltr'><strong>theimilisr</strong></span> <span class='ocrx_word' id='word_1_229' title='bbox 631 3107 825 3170; x_wconf 76' lang='lat' dir='ltr'><strong>pronunciation.</strong></span> <span class='ocrx_word' id='word_1_230' title='bbox 857 3108 923 3169; x_wconf 70' lang='lat' dir='ltr'><strong>gives</strong></span> <span class='ocrx_word' id='word_1_231' title='bbox 938 3108 987 3156; x_wconf 87' lang='lat' dir='ltr'><strong>this</strong></span> <span class='ocrx_word' id='word_1_232' title='bbox 1000 3110 1138 3169; x_wconf 85' lang='lat' dir='ltr'><strong>expression</strong></span> <span class='ocrx_word' id='word_1_233' title='bbox 1156 3124 1182 3157; x_wconf 85' lang='lat' dir='ltr'><strong>es</strong></span> <span class='ocrx_word' id='word_1_234' title='bbox 1203 3124 1234 3155; x_wconf 86' lang='lat' dir='ltr'><strong>sn</strong></span> <span class='ocrx_word' id='word_1_235' title='bbox 1253 3108 1361 3157; x_wconf 68' lang='lat' dir='ltr'><strong>instance</strong></span> <span class='ocrx_word' id='word_1_236' title='bbox 1382 3109 1410 3156; x_wconf 87' lang='lat' dir='ltr'><strong>oi</strong></span> <span class='ocrx_word' id='word_1_237' title='bbox 1429 3124 1444 3156; x_wconf 89' lang='lat' dir='ltr'><strong>e</strong></span> 
     </span>
    </p>

    <p class='ocr_par' dir='ltr' id='par_1_10' title="bbox 226 3172 1445 4199">
     <span class='ocr_line' id='line_1_27' title="bbox 270 3172 1443 3235; baseline 0.001 -15"><span class='ocrx_word' id='word_1_238' title='bbox 270 3176 312 3235; x_wconf 79' lang='lat' dir='ltr'><strong>qui</strong></span> <span class='ocrx_word' id='word_1_239' title='bbox 323 3187 353 3220; x_wconf 82' lang='lat' dir='ltr'><strong>ne</strong></span> <span class='ocrx_word' id='word_1_240' title='bbox 364 3174 410 3220; x_wconf 81' lang='lat' dir='ltr'><strong>loc</strong></span> <span class='ocrx_word' id='word_1_241' title='bbox 421 3172 478 3234; x_wconf 74' lang='lat' dir='ltr'><strong>dcc]</strong></span> <span class='ocrx_word' id='word_1_242' title='bbox 498 3172 581 3220; x_wconf 85' lang='lat' dir='ltr'><strong>Keller</strong></span> <span class='ocrx_word' id='word_1_243' title='bbox 598 3178 656 3234; x_wconf 90' lang='lat' dir='ltr'><strong>puts</strong></span> <span class='ocrx_word' id='word_1_244' title='bbox 672 3172 714 3219; x_wconf 87' lang='lat' dir='ltr'><strong>the</strong></span> <span class='ocrx_word' id='word_1_245' title='bbox 727 3178 784 3220; x_wconf 85' lang='lat' dir='ltr'><strong>note</strong></span> <span class='ocrx_word' id='word_1_246' title='bbox 800 3172 829 3220; x_wconf 78' lang='lat' dir='ltr'><strong>oi</strong></span> <span class='ocrx_word' id='word_1_247' title='bbox 857 3172 984 3235; x_wconf 84' lang='lat' dir='ltr'><strong>mctephor</strong></span> <span class='ocrx_word' id='word_1_248' title='bbox 1014 3173 1091 3233; x_wconf 88' lang='lat' dir='ltr'><strong>(verbi</strong></span> <span class='ocrx_word' id='word_1_249' title='bbox 1122 3172 1274 3235; x_wconf 81' lang='lat' dir='ltr'><strong>trenslstio)=</strong></span> <span class='ocrx_word' id='word_1_250' title='bbox 1306 3178 1443 3221; x_wconf 83' lang='lat' dir='ltr'><strong>“nonnun-</strong></span> 
     </span>
     <span class='ocr_line' id='line_1_28' title="bbox 235 3236 1443 3299; baseline 0.002 -15"><span class='ocrx_word' id='word_1_251' title='bbox 235 3237 409 3299; x_wconf 78' lang='lat' dir='ltr'><strong>interrogetion</strong></span> <span class='ocrx_word' id='word_1_252' title='bbox 425 3237 487 3284; x_wconf 79' lang='lat' dir='ltr'><strong>efter</strong></span> <span class='ocrx_word' id='word_1_253' title='bbox 506 3237 575 3284; x_wconf 79' lang='lat' dir='ltr'><strong>‘eddi</strong></span> <span class='ocrx_word' id='word_1_254' title='bbox 592 3236 698 3299; x_wconf 69' lang='lat' dir='ltr'><strong>potestr&#39;</strong></span> <span class='ocrx_word' id='word_1_255' title='bbox 715 3236 759 3283; x_wconf 87' lang='lat' dir='ltr'><strong>hut</strong></span> <span class='ocrx_word' id='word_1_256' title='bbox 775 3236 825 3285; x_wconf 89' lang='lat' dir='ltr'><strong>this</strong></span> <span class='ocrx_word' id='word_1_257' title='bbox 857 3252 929 3299; x_wconf 80' lang='lat' dir='ltr'><strong>quem</strong></span> <span class='ocrx_word' id='word_1_258' title='bbox 941 3239 1012 3285; x_wconf 85' lang='lat' dir='ltr'><strong>etism</strong></span> <span class='ocrx_word' id='word_1_259' title='bbox 1024 3237 1129 3285; x_wconf 80' lang='lat' dir='ltr'><strong>breviter</strong></span> <span class='ocrx_word' id='word_1_260' title='bbox 1137 3238 1443 3295; x_wconf 73' lang='lat' dir='ltr'><strong>trsnslntloneoonliciturr</strong></span> 
     </span>
     <span class='ocr_line' id='line_1_29' title="bbox 236 3302 1443 3365; baseline 0.001 -16"><span class='ocrx_word' id='word_1_261' title='bbox 236 3303 341 3364; x_wconf 83' lang='lat' dir='ltr'><strong>position</strong></span> <span class='ocrx_word' id='word_1_262' title='bbox 357 3302 385 3349; x_wconf 81' lang='lat' dir='ltr'><strong>oi</strong></span> <span class='ocrx_word' id='word_1_263' title='bbox 397 3302 446 3349; x_wconf 90' lang='lat' dir='ltr'><strong>this</strong></span> <span class='ocrx_word' id='word_1_264' title='bbox 456 3302 619 3363; x_wconf 83' lang='lat' dir='ltr'><strong>importunete</strong></span> <span class='ocrx_word' id='word_1_265' title='bbox 636 3302 688 3363; x_wconf 75' lang='lat' dir='ltr'><strong>sign</strong></span> <span class='ocrx_word' id='word_1_266' title='bbox 705 3302 763 3363; x_wconf 93' lang='lat' dir='ltr'><strong>only</strong></span> <span class='ocrx_word' id='word_1_267' title='bbox 779 3302 822 3348; x_wconf 87' lang='lat' dir='ltr'><strong>oh·</strong></span> <span class='ocrx_word' id='word_1_268' title='bbox 854 3308 883 3349; x_wconf 90' lang='lat' dir='ltr'><strong>ut</strong></span> <span class='ocrx_word' id='word_1_269' title='bbox 894 3302 962 3359; x_wconf 87' lang='lat' dir='ltr'><strong>illud,</strong></span> <span class='ocrx_word' id='word_1_270' title='bbox 975 3302 1000 3349; x_wconf 90' lang='lat' dir='ltr'><strong>Si</strong></span> <span class='ocrx_word' id='word_1_271' title='bbox 1012 3303 1088 3349; x_wconf 88' lang='lat' dir='ltr'><strong>telum</strong></span> <span class='ocrx_word' id='word_1_272' title='bbox 1103 3318 1175 3350; x_wconf 80' lang='lat' dir='ltr'><strong>menn</strong></span> <span class='ocrx_word' id='word_1_273' title='bbox 1186 3302 1263 3365; x_wconf 80' lang='lat' dir='ltr'><strong>fugit:</strong></span> <span class='ocrx_word' id='word_1_274' title='bbox 1281 3303 1443 3365; x_wconf 88' lang='lat' dir='ltr'><strong>imprudentis</strong></span> 
     </span>
     <span class='ocr_line' id='line_1_30' title="bbox 236 3366 1443 3431; baseline 0.002 -18"><span class='ocrx_word' id='word_1_275' title='bbox 236 3382 318 3413; x_wconf 86' lang='lat' dir='ltr'><strong>scures</strong></span> <span class='ocrx_word' id='word_1_276' title='bbox 329 3366 371 3413; x_wconf 90' lang='lat' dir='ltr'><strong>the</strong></span> <span class='ocrx_word' id='word_1_277' title='bbox 382 3382 451 3414; x_wconf 89' lang='lat' dir='ltr'><strong>sense</strong></span> <span class='ocrx_word' id='word_1_278' title='bbox 461 3368 499 3413; x_wconf 83' lang='lat' dir='ltr'><strong>ior</strong></span> <span class='ocrx_word' id='word_1_279' title='bbox 513 3366 582 3413; x_wconf 88' lang='lat' dir='ltr'><strong>those</strong></span> <span class='ocrx_word' id='word_1_280' title='bbox 592 3366 646 3413; x_wconf 95' lang='lat' dir='ltr'><strong>who</strong></span> <span class='ocrx_word' id='word_1_281' title='bbox 664 3366 720 3413; x_wconf 88' lang='lat' dir='ltr'><strong>resd</strong></span> <span class='ocrx_word' id='word_1_282' title='bbox 737 3366 823 3429; x_wconf 90' lang='lat' dir='ltr'><strong>hythe</strong></span> <span class='ocrx_word' id='word_1_283' title='bbox 854 3366 897 3414; x_wconf 86' lang='lat' dir='ltr'><strong>teli</strong></span> <span class='ocrx_word' id='word_1_284' title='bbox 919 3368 998 3415; x_wconf 84' lang='lat' dir='ltr'><strong>emissi</strong></span> <span class='ocrx_word' id='word_1_285' title='bbox 1018 3366 1113 3415; x_wconf 83' lang='lat' dir='ltr'><strong>brevius</strong></span> <span class='ocrx_word' id='word_1_286' title='bbox 1135 3368 1237 3431; x_wconf 89' lang='lat' dir='ltr'><strong>propriis</strong></span> <span class='ocrx_word' id='word_1_287' title='bbox 1258 3368 1337 3415; x_wconf 81' lang='lat' dir='ltr'><strong>verbis</strong></span> <span class='ocrx_word' id='word_1_288' title='bbox 1356 3368 1443 3430; x_wconf 83' lang='lat' dir='ltr'><strong>exponi</strong></span> 
     </span>
     <span class='ocr_line' id='line_1_31' title="bbox 236 3430 1442 3495; baseline 0.003 -18"><span class='ocrx_word' id='word_1_289' title='bbox 236 3430 316 3477; x_wconf 76' lang='lat' dir='ltr'><strong>eidos</strong></span> <span class='ocrx_word' id='word_1_290' title='bbox 324 3436 399 3492; x_wconf 85' lang='lat' dir='ltr'><strong>steps,</strong></span> <span class='ocrx_word' id='word_1_291' title='bbox 408 3431 503 3479; x_wconf 72' lang='lat' dir='ltr'><strong>innuen</strong></span> <span class='ocrx_word' id='word_1_292' title='bbox 511 3430 539 3478; x_wconf 82' lang='lat' dir='ltr'><strong>oi</strong></span> <span class='ocrx_word' id='word_1_293' title='bbox 551 3430 594 3479; x_wconf 91' lang='lat' dir='ltr'><strong>the</strong></span> <span class='ocrx_word' id='word_1_294' title='bbox 605 3446 681 3478; x_wconf 88' lang='lat' dir='ltr'><strong>sense.</strong></span> <span class='ocrx_word' id='word_1_295' title='bbox 714 3430 822 3478; x_wconf 86' lang='lat' dir='ltr'><strong>Thereis</strong></span> <span class='ocrx_word' id='word_1_296' title='bbox 854 3446 904 3479; x_wconf 91' lang='lat' dir='ltr'><strong>nou</strong></span> <span class='ocrx_word' id='word_1_297' title='bbox 919 3432 998 3493; x_wconf 88' lang='lat' dir='ltr'><strong>potuit</strong></span> <span class='ocrx_word' id='word_1_298' title='bbox 1015 3447 1086 3495; x_wconf 87' lang='lat' dir='ltr'><strong>quem</strong></span> <span class='ocrx_word' id='word_1_299' title='bbox 1100 3436 1202 3481; x_wconf 86' lang='lat' dir='ltr'><strong>estune</strong></span> <span class='ocrx_word' id='word_1_300' title='bbox 1219 3433 1350 3495; x_wconf 74' lang='lat' dir='ltr'><strong>significate</strong></span> <span class='ocrx_word' id='word_1_301' title='bbox 1366 3440 1442 3482; x_wconf 72' lang='lat' dir='ltr'><strong>mne·</strong></span> 
     </span>
     <span class='ocr_line' id='line_1_32' title="bbox 237 3494 932 3558; baseline 0.003 -16"><span class='ocrx_word' id='word_1_302' title='bbox 237 3510 270 3542; x_wconf 95' lang='lat' dir='ltr'><strong>no</strong></span> <span class='ocrx_word' id='word_1_303' title='bbox 285 3496 426 3543; x_wconf 70' lang='lat' dir='ltr'><strong>antecedent</strong></span> <span class='ocrx_word' id='word_1_304' title='bbox 442 3501 468 3544; x_wconf 85' lang='lat' dir='ltr'><strong>to</strong></span> <span class='ocrx_word' id='word_1_305' title='bbox 488 3495 562 3558; x_wconf 88' lang='lat' dir='ltr'><strong>‘qul&#39;</strong></span> <span class='ocrx_word' id='word_1_306' title='bbox 580 3510 664 3542; x_wconf 86' lang='lat' dir='ltr'><strong>neerer</strong></span> <span class='ocrx_word' id='word_1_307' title='bbox 681 3496 740 3543; x_wconf 86' lang='lat' dir='ltr'><strong>then</strong></span> <span class='ocrx_word' id='word_1_308' title='bbox 758 3500 824 3543; x_wconf 72' lang='lat' dir='ltr'><strong>‘nn-</strong></span> <span class='ocrx_word' id='word_1_309' title='bbox 856 3494 932 3544; x_wconf 82' lang='lat' dir='ltr'><strong>lsto.&#39;’</strong></span> 
     </span>
     <span class='ocr_line' id='line_1_33' title="bbox 226 3559 1444 3625; baseline 0.005 -20"><span class='ocrx_word' id='word_1_310' title='bbox 226 3560 302 3621; x_wconf 67' lang='lat' dir='ltr'><strong>‚iores</strong></span> <span class='ocrx_word' id='word_1_311' title='bbox 312 3560 402 3607; x_wconf 86' lang='lat' dir='ltr'><strong>nostri&#39;</strong></span> <span class='ocrx_word' id='word_1_312' title='bbox 414 3561 440 3607; x_wconf 93' lang='lat' dir='ltr'><strong>in</strong></span> <span class='ocrx_word' id='word_1_313' title='bbox 453 3564 465 3619; x_wconf 69' lang='lat'>5</span> <span class='ocrx_word' id='word_1_314' title='bbox 478 3564 524 3617; x_wconf 75' lang='lat'><strong>⁴93</strong></span> <span class='ocrx_word' id='word_1_315' title='bbox 541 3559 640 3607; x_wconf 78' lang='lat' dir='ltr'><strong>bulthe</strong></span> <span class='ocrx_word' id='word_1_316' title='bbox 651 3560 825 3609; x_wconf 84' lang='lat' dir='ltr'><strong>entecedentis</strong></span> <span class='ocrx_word' id='word_1_317' title='bbox 890 3564 930 3609; x_wconf 77' lang='grc'><strong>52.</strong></span> <span class='ocrx_word' id='word_1_318' title='bbox 949 3561 978 3609; x_wconf 78' lang='lat' dir='ltr'><strong>Si</strong></span> <span class='ocrx_word' id='word_1_319' title='bbox 989 3562 1032 3622; x_wconf 80' lang='lat' dir='ltr'><strong>qui</strong></span> <span class='ocrx_word' id='word_1_320' title='bbox 1043 3594 1128 3609; x_wconf 90' lang='grc'><strong><em>.....</em></strong></span> <span class='ocrx_word' id='word_1_321' title='bbox 1142 3564 1300 3611; x_wconf 79' lang='lat' dir='ltr'><strong>comtitulum</strong></span> <span class='ocrx_word' id='word_1_322' title='bbox 1312 3562 1368 3625; x_wconf 75' lang='lat' dir='ltr'><strong>ert]</strong></span> <span class='ocrx_word' id='word_1_323' title='bbox 1383 3562 1444 3611; x_wconf 73' lang='lat' dir='ltr'><strong>&#39;luis</strong></span> 
     </span>
     <span class='ocr_line' id='line_1_34' title="bbox 239 3624 1443 3687; baseline 0.002 -15"><span class='ocrx_word' id='word_1_324' title='bbox 239 3624 312 3686; x_wconf 85' lang='lat' dir='ltr'><strong>eesily</strong></span> <span class='ocrx_word' id='word_1_325' title='bbox 323 3624 416 3672; x_wconf 81' lang='lat' dir='ltr'><strong>derived</strong></span> <span class='ocrx_word' id='word_1_326' title='bbox 425 3625 487 3672; x_wconf 80' lang='lat' dir='ltr'><strong>from</strong></span> <span class='ocrx_word' id='word_1_327' title='bbox 499 3626 540 3673; x_wconf 85' lang='lat' dir='ltr'><strong>the</strong></span> <span class='ocrx_word' id='word_1_328' title='bbox 548 3624 625 3671; x_wconf 85' lang='lat' dir='ltr'><strong>words</strong></span> <span class='ocrx_word' id='word_1_329' title='bbox 637 3625 710 3672; x_wconf 83' lang='lat' dir='ltr'><strong>‘hsnc</strong></span> <span class='ocrx_word' id='word_1_330' title='bbox 719 3625 823 3672; x_wconf 89' lang='lat' dir='ltr'><strong>clemen·</strong></span> <span class='ocrx_word' id='word_1_331' title='bbox 856 3624 975 3687; x_wconf 68' lang='lat' dir='ltr'><strong>fragment</strong></span> <span class='ocrx_word' id='word_1_332' title='bbox 986 3625 1076 3673; x_wconf 84' lang='lat' dir='ltr'><strong>isirorn</strong></span> <span class='ocrx_word' id='word_1_333' title='bbox 1088 3626 1130 3673; x_wconf 92' lang='lat' dir='ltr'><strong>the</strong></span> <span class='ocrx_word' id='word_1_334' title='bbox 1140 3626 1206 3673; x_wconf 83' lang='lat' dir='ltr'><strong>work</strong></span> <span class='ocrx_word' id='word_1_335' title='bbox 1217 3626 1244 3675; x_wconf 82' lang='lat' dir='ltr'><strong>ol</strong></span> <span class='ocrx_word' id='word_1_336' title='bbox 1257 3628 1273 3675; x_wconf 88' lang='lat' dir='ltr'>J</span> <span class='ocrx_word' id='word_1_337' title='bbox 1275 3627 1337 3675; x_wconf 86' lang='lat' dir='ltr'><strong>nlius</strong></span> <span class='ocrx_word' id='word_1_338' title='bbox 1350 3628 1443 3675; x_wconf 81' lang='lat' dir='ltr'><strong>ltnlini-</strong></span> 
     </span>
     <span class='ocr_line' id='line_1_35' title="bbox 238 3688 1443 3751; baseline 0.002 -16"><span class='ocrx_word' id='word_1_339' title='bbox 238 3688 315 3745; x_wconf 86' lang='lat' dir='ltr'><strong>tisrn,&#39;</strong></span> <span class='ocrx_word' id='word_1_340' title='bbox 326 3689 404 3736; x_wconf 80' lang='lat' dir='ltr'><strong>which</strong></span> <span class='ocrx_word' id='word_1_341' title='bbox 414 3704 454 3737; x_wconf 85' lang='lat' dir='ltr'><strong>ere</strong></span> <span class='ocrx_word' id='word_1_342' title='bbox 465 3690 507 3737; x_wconf 86' lang='lat' dir='ltr'><strong>the</strong></span> <span class='ocrx_word' id='word_1_343' title='bbox 515 3704 614 3737; x_wconf 83' lang='lat' dir='ltr'><strong>serness</strong></span> <span class='ocrx_word' id='word_1_344' title='bbox 625 3690 757 3750; x_wconf 68' lang='lat' dir='ltr'><strong>‘melorum</strong></span> <span class='ocrx_word' id='word_1_345' title='bbox 768 3704 823 3737; x_wconf 91' lang='lat' dir='ltr'><strong>nos·</strong></span> <span class='ocrx_word' id='word_1_346' title='bbox 856 3705 917 3738; x_wconf 85' lang='lat' dir='ltr'><strong>snus</strong></span> <span class='ocrx_word' id='word_1_347' title='bbox 929 3690 967 3738; x_wconf 89' lang='lat' dir='ltr'><strong>De</strong></span> <span class='ocrx_word' id='word_1_348' title='bbox 978 3690 1060 3751; x_wconf 78' lang='lat' dir='ltr'><strong>liguris</strong></span> <span class='ocrx_word' id='word_1_349' title='bbox 1075 3692 1247 3738; x_wconf 74' lang='lat' dir='ltr'><strong>sententiarum</strong></span> <span class='ocrx_word' id='word_1_350' title='bbox 1259 3697 1284 3739; x_wconf 89' lang='lat' dir='ltr'><strong>et</strong></span> <span class='ocrx_word' id='word_1_351' title='bbox 1295 3692 1443 3749; x_wconf 83' lang='lat' dir='ltr'><strong>elocutionis,</strong></span> 
     </span>
     <span class='ocr_line' id='line_1_36' title="bbox 238 3752 1444 3816; baseline 0 -15"><span class='ocrx_word' id='word_1_352' title='bbox 238 3758 331 3801; x_wconf 84' lang='lat' dir='ltr'><strong>trornrn</strong></span> <span class='ocrx_word' id='word_1_353' title='bbox 342 3754 510 3801; x_wconf 62' lang='lat' dir='ltr'><strong>clementium!</strong></span> <span class='ocrx_word' id='word_1_354' title='bbox 545 3754 629 3806; x_wconf 76' lang='lat' dir='ltr'><strong>⁴0ui.</strong></span> <span class='ocrx_word' id='word_1_355' title='bbox 643 3752 824 3816; x_wconf 74' lang='lat' dir='ltr'><strong>‚permiserint’</strong></span> <span class='ocrx_word' id='word_1_356' title='bbox 858 3757 908 3813; x_wconf 65' lang='lat'><strong>58.</strong></span> <span class='ocrx_word' id='word_1_357' title='bbox 943 3755 967 3801; x_wconf 93' lang='lat' dir='ltr'><strong>lt</strong></span> <span class='ocrx_word' id='word_1_358' title='bbox 978 3755 999 3801; x_wconf 85' lang='lat' dir='ltr'><strong>is</strong></span> <span class='ocrx_word' id='word_1_359' title='bbox 1010 3760 1053 3801; x_wconf 94' lang='lat' dir='ltr'><strong>not</strong></span> <span class='ocrx_word' id='word_1_360' title='bbox 1064 3756 1155 3801; x_wconf 73' lang='lat' dir='ltr'><strong>certain</strong></span> <span class='ocrx_word' id='word_1_361' title='bbox 1166 3756 1246 3802; x_wconf 87' lang='lat' dir='ltr'><strong>where</strong></span> <span class='ocrx_word' id='word_1_362' title='bbox 1261 3756 1310 3801; x_wconf 90' lang='lat' dir='ltr'><strong>this</strong></span> <span class='ocrx_word' id='word_1_363' title='bbox 1325 3755 1444 3816; x_wconf 79' lang='lat' dir='ltr'><strong>irngmcnt</strong></span> 
     </span>
     <span class='ocr_line' id='line_1_37' title="bbox 238 3818 1445 3880; baseline 0.001 -15"><span class='ocrx_word' id='word_1_364' title='bbox 238 3819 261 3865; x_wconf 90' lang='lat' dir='ltr'><strong>is</strong></span> <span class='ocrx_word' id='word_1_365' title='bbox 274 3818 358 3865; x_wconf 82' lang='lat' dir='ltr'><strong>elorrn</strong></span> <span class='ocrx_word' id='word_1_366' title='bbox 368 3818 446 3865; x_wconf 91' lang='lat' dir='ltr'><strong>which</strong></span> <span class='ocrx_word' id='word_1_367' title='bbox 457 3819 490 3865; x_wconf 89' lang='lat' dir='ltr'><strong>ell</strong></span> <span class='ocrx_word' id='word_1_368' title='bbox 500 3818 588 3866; x_wconf 78' lang='lat' dir='ltr'><strong>cerefnl</strong></span> <span class='ocrx_word' id='word_1_369' title='bbox 599 3818 708 3866; x_wconf 86' lang='lat' dir='ltr'><strong>studente</strong></span> <span class='ocrx_word' id='word_1_370' title='bbox 720 3834 764 3866; x_wconf 87' lang='lat' dir='ltr'><strong>een</strong></span> <span class='ocrx_word' id='word_1_371' title='bbox 775 3818 824 3864; x_wconf 88' lang='lat' dir='ltr'><strong>dis·</strong></span> <span class='ocrx_word' id='word_1_372' title='bbox 857 3818 942 3865; x_wconf 86' lang='lat' dir='ltr'><strong>should</strong></span> <span class='ocrx_word' id='word_1_373' title='bbox 954 3818 984 3865; x_wconf 90' lang='lat' dir='ltr'><strong>he</strong></span> <span class='ocrx_word' id='word_1_374' title='bbox 1000 3818 1091 3879; x_wconf 87' lang='lat' dir='ltr'><strong>plsoed,</strong></span> <span class='ocrx_word' id='word_1_375' title='bbox 1109 3819 1154 3865; x_wconf 88' lang='lat' dir='ltr'><strong>hut</strong></span> <span class='ocrx_word' id='word_1_376' title='bbox 1167 3819 1186 3865; x_wconf 84' lang='lat' dir='ltr'><strong>it</strong></span> <span class='ocrx_word' id='word_1_377' title='bbox 1203 3819 1224 3866; x_wconf 89' lang='lat' dir='ltr'><strong>is</strong></span> <span class='ocrx_word' id='word_1_378' title='bbox 1234 3818 1350 3880; x_wconf 86' lang='lat' dir='ltr'><strong>prohehly</strong></span> <span class='ocrx_word' id='word_1_379' title='bbox 1361 3818 1386 3865; x_wconf 93' lang='lat' dir='ltr'><strong>in</strong></span> <span class='ocrx_word' id='word_1_380' title='bbox 1401 3819 1445 3866; x_wconf 88' lang='lat' dir='ltr'><strong>the</strong></span> 
     </span>
     <span class='ocr_line' id='line_1_38' title="bbox 238 3882 1076 3944; baseline -0.004 -14"><span class='ocrx_word' id='word_1_381' title='bbox 238 3882 347 3944; x_wconf 71' lang='lat' dir='ltr'><strong>tinguish</strong></span> <span class='ocrx_word' id='word_1_382' title='bbox 368 3882 429 3930; x_wconf 81' lang='lat' dir='ltr'><strong>horn</strong></span> <span class='ocrx_word' id='word_1_383' title='bbox 451 3883 494 3930; x_wconf 87' lang='lat' dir='ltr'><strong>the</strong></span> <span class='ocrx_word' id='word_1_384' title='bbox 511 3883 587 3930; x_wconf 80' lang='lat' dir='ltr'><strong>direct</strong></span> <span class='ocrx_word' id='word_1_385' title='bbox 605 3884 748 3931; x_wconf 70' lang='lat' dir='ltr'><strong>affirmetion</strong></span> <span class='ocrx_word' id='word_1_386' title='bbox 768 3882 825 3944; x_wconf 83' lang='lat' dir='ltr'><strong>‘qui</strong></span> <span class='ocrx_word' id='word_1_387' title='bbox 856 3883 922 3943; x_wconf 79' lang='lat' dir='ltr'><strong>right</strong></span> <span class='ocrx_word' id='word_1_388' title='bbox 934 3882 1001 3943; x_wconf 84' lang='lat' dir='ltr'><strong>pleee</strong></span> <span class='ocrx_word' id='word_1_389' title='bbox 1011 3882 1076 3928; x_wconf 88' lang='lat' dir='ltr'><strong>herc.</strong></span> 
     </span>
     <span class='ocr_line' id='line_1_39' title="bbox 240 3944 1443 4009; baseline -0.002 -14"><span class='ocrx_word' id='word_1_390' title='bbox 240 3982 247 3995; x_wconf 93' lang='lat'><strong><em>.</em></strong></span> <span class='ocrx_word' id='word_1_391' title='bbox 260 3981 267 3994; x_wconf 84' lang='lat'>.</span> <span class='ocrx_word' id='word_1_392' title='bbox 280 3981 286 3993; x_wconf 93' lang='lat'>.</span> <span class='ocrx_word' id='word_1_393' title='bbox 298 3946 475 4009; x_wconf 83' lang='lat' dir='ltr'><strong>permiserunt&#39;</strong></span> <span class='ocrx_word' id='word_1_394' title='bbox 520 3946 587 3999; x_wconf 73' lang='lat' dir='ltr'><strong>‘Qui</strong></span> <span class='ocrx_word' id='word_1_395' title='bbox 599 3980 605 3994; x_wconf 93' lang='lat'><strong><em>.</em></strong></span> <span class='ocrx_word' id='word_1_396' title='bbox 618 3982 624 3993; x_wconf 94' lang='lat'>.</span> <span class='ocrx_word' id='word_1_397' title='bbox 638 3982 644 3994; x_wconf 95' lang='lat'>.</span> <span class='ocrx_word' id='word_1_398' title='bbox 656 3944 824 4009; x_wconf 85' lang='lat' dir='ltr'><strong>permiserint&#39;</strong></span> <span class='ocrx_word' id='word_1_399' title='bbox 891 3948 930 3994; x_wconf 83' lang='lat' dir='ltr'><strong>eu.</strong></span> <span class='ocrx_word' id='word_1_400' title='bbox 945 3946 1060 4007; x_wconf 80' lang='lat' dir='ltr'><strong>dejicere]</strong></span> <span class='ocrx_word' id='word_1_401' title='bbox 1080 3944 1140 3992; x_wconf 89' lang='lat' dir='ltr'><strong>Cod.</strong></span> <span class='ocrx_word' id='word_1_402' title='bbox 1154 3949 1321 3991; x_wconf 67' lang='lat' dir='ltr'><strong>urrunnu-¹</strong></span> <span class='ocrx_word' id='word_1_403' title='bbox 1330 3946 1443 4006; x_wconf 88' lang='lat' dir='ltr'><strong>potuisse.</strong></span> 
     </span>
     <span class='ocr_line' id='line_1_40' title="bbox 239 4008 1444 4073; baseline -0.002 -14"><span class='ocrx_word' id='word_1_404' title='bbox 239 4026 362 4073; x_wconf 81' lang='lat' dir='ltr'><strong>expresses</strong></span> <span class='ocrx_word' id='word_1_405' title='bbox 373 4012 416 4059; x_wconf 89' lang='lat' dir='ltr'><strong>the</strong></span> <span class='ocrx_word' id='word_1_406' title='bbox 426 4011 540 4059; x_wconf 88' lang='lat' dir='ltr'><strong>mildness</strong></span> <span class='ocrx_word' id='word_1_407' title='bbox 550 4026 578 4058; x_wconf 93' lang='lat' dir='ltr'><strong>or</strong></span> <span class='ocrx_word' id='word_1_408' title='bbox 588 4010 736 4059; x_wconf 87' lang='lat' dir='ltr'><strong>moderetion</strong></span> <span class='ocrx_word' id='word_1_409' title='bbox 747 4011 776 4059; x_wconf 83' lang='lat' dir='ltr'><strong>ol</strong></span> <span class='ocrx_word' id='word_1_410' title='bbox 783 4011 826 4058; x_wconf 87' lang='lat' dir='ltr'><strong>the</strong></span> <span class='ocrx_word' id='word_1_411' title='bbox 858 4010 891 4058; x_wconf 85' lang='lat' dir='ltr'><strong>Et</strong></span> <span class='ocrx_word' id='word_1_412' title='bbox 903 4025 947 4070; x_wconf 79' lang='lat' dir='ltr'><strong>ego</strong></span> <span class='ocrx_word' id='word_1_413' title='bbox 957 4010 973 4055; x_wconf 85' lang='lat'><strong>:&#39;</strong></span> <span class='ocrx_word' id='word_1_414' title='bbox 994 4008 1036 4055; x_wconf 89' lang='lat' dir='ltr'><strong>the</strong></span> <span class='ocrx_word' id='word_1_415' title='bbox 1047 4008 1106 4055; x_wconf 91' lang='lat' dir='ltr'><strong>Cod.</strong></span> <span class='ocrx_word' id='word_1_416' title='bbox 1119 4010 1162 4055; x_wconf 84' lang='lat' dir='ltr'><strong>hes</strong></span> <span class='ocrx_word' id='word_1_417' title='bbox 1179 4022 1384 4065; x_wconf 84' lang='lat' dir='ltr'><strong>rorurssnrsno,</strong></span> <span class='ocrx_word' id='word_1_418' title='bbox 1396 4010 1444 4057; x_wconf 86' lang='lat' dir='ltr'><strong>eud</strong></span> 
     </span>
     <span class='ocr_line' id='line_1_41' title="bbox 239 4072 1445 4137; baseline -0.002 -14"><span class='ocrx_word' id='word_1_419' title='bbox 239 4092 295 4124; x_wconf 88' lang='lat' dir='ltr'><strong>rnen</strong></span> <span class='ocrx_word' id='word_1_420' title='bbox 313 4076 341 4123; x_wconf 79' lang='lat' dir='ltr'><strong>oi</strong></span> <span class='ocrx_word' id='word_1_421' title='bbox 354 4076 395 4123; x_wconf 95' lang='lat' dir='ltr'><strong>old</strong></span> <span class='ocrx_word' id='word_1_422' title='bbox 412 4077 471 4124; x_wconf 86' lang='lat' dir='ltr'><strong>time</strong></span> <span class='ocrx_word' id='word_1_423' title='bbox 488 4076 572 4123; x_wconf 89' lang='lat' dir='ltr'><strong>shown</strong></span> <span class='ocrx_word' id='word_1_424' title='bbox 592 4075 638 4137; x_wconf 85' lang='lat' dir='ltr'><strong>‘hy</strong></span> <span class='ocrx_word' id='word_1_425' title='bbox 652 4082 697 4123; x_wconf 87' lang='lat' dir='ltr'><strong>not</strong></span> <span class='ocrx_word' id='word_1_426' title='bbox 715 4076 826 4137; x_wconf 76' lang='lat' dir='ltr'><strong>showing</strong></span> <span class='ocrx_word' id='word_1_427' title='bbox 858 4074 910 4123; x_wconf 79' lang='lat' dir='ltr'><strong>Mei</strong></span> <span class='ocrx_word' id='word_1_428' title='bbox 928 4073 974 4120; x_wconf 81' lang='lat' dir='ltr'><strong>end</strong></span> <span class='ocrx_word' id='word_1_429' title='bbox 993 4072 1085 4133; x_wconf 81' lang='lat' dir='ltr'><strong>Peyron</strong></span> <span class='ocrx_word' id='word_1_430' title='bbox 1105 4072 1185 4119; x_wconf 81' lang='lat' dir='ltr'><strong>edited</strong></span> <span class='ocrx_word' id='word_1_431' title='bbox 1203 4074 1343 4134; x_wconf 75' lang='lat' dir='ltr'><strong>‘potuisset</strong></span> <span class='ocrx_word' id='word_1_432' title='bbox 1375 4073 1445 4135; x_wconf 68' lang='lat' dir='ltr'><strong>Ego!</strong></span> 
     </span>
     <span class='ocr_line' id='line_1_42' title="bbox 239 4137 1444 4199; baseline -0.002 -12"><span class='ocrx_word' id='word_1_433' title='bbox 239 4156 307 4196; x_wconf 83' lang='lat' dir='ltr'><strong>eren,</strong></span> <span class='ocrx_word' id='word_1_434' title='bbox 320 4141 373 4188; x_wconf 65' lang='lat' dir='ltr'><strong>&amp;cl</strong></span> <span class='ocrx_word' id='word_1_435' title='bbox 859 4140 912 4186; x_wconf 74' lang='lat' dir='ltr'><strong>&#39;ibe</strong></span> <span class='ocrx_word' id='word_1_436' title='bbox 924 4138 976 4185; x_wconf 86' lang='lat' dir='ltr'><strong>lirst</strong></span> <span class='ocrx_word' id='word_1_437' title='bbox 987 4142 1040 4199; x_wconf 83' lang='lat' dir='ltr'><strong>pert</strong></span> <span class='ocrx_word' id='word_1_438' title='bbox 1052 4137 1079 4183; x_wconf 84' lang='lat' dir='ltr'><strong>oi</strong></span> <span class='ocrx_word' id='word_1_439' title='bbox 1087 4137 1135 4183; x_wconf 87' lang='lat' dir='ltr'><strong>this</strong></span> <span class='ocrx_word' id='word_1_440' title='bbox 1143 4137 1233 4183; x_wconf 89' lang='lat' dir='ltr'><strong>section</strong></span> <span class='ocrx_word' id='word_1_441' title='bbox 1242 4138 1263 4183; x_wconf 87' lang='lat' dir='ltr'><strong>is</strong></span> <span class='ocrx_word' id='word_1_442' title='bbox 1274 4138 1298 4183; x_wconf 93' lang='lat' dir='ltr'><strong>in</strong></span> <span class='ocrx_word' id='word_1_443' title='bbox 1310 4137 1444 4185; x_wconf 76' lang='lat' dir='ltr'><strong>confusion.</strong></span> 
     </span>
    </p>

    <p class='ocr_par' dir='ltr' id='par_1_11' title="bbox 239 4202 1450 4653">
     <span class='ocr_line' id='line_1_43' title="bbox 272 4202 1445 4267; baseline -0.003 -14"><span class='ocrx_word' id='word_1_444' title='bbox 272 4208 312 4253; x_wconf 82' lang='lat' dir='ltr'><strong>ol.</strong></span> <span class='ocrx_word' id='word_1_445' title='bbox 324 4207 396 4267; x_wconf 76' lang='lat' dir='ltr'><strong>-yir</strong></span> <span class='ocrx_word' id='word_1_446' title='bbox 412 4220 485 4267; x_wconf 79' lang='lat' dir='ltr'><strong>quum</strong></span> <span class='ocrx_word' id='word_1_447' title='bbox 495 4202 571 4265; x_wconf 78' lang='lat' dir='ltr'><strong>jecit]</strong></span> <span class='ocrx_word' id='word_1_448' title='bbox 601 4202 680 4251; x_wconf 84' lang='lat' dir='ltr'><strong>&#39;l&#39;hese</strong></span> <span class='ocrx_word' id='word_1_449' title='bbox 694 4203 772 4250; x_wconf 86' lang='lat' dir='ltr'><strong>words</strong></span> <span class='ocrx_word' id='word_1_450' title='bbox 787 4218 827 4251; x_wconf 87' lang='lat' dir='ltr'><strong>ere</strong></span> <span class='ocrx_word' id='word_1_451' title='bbox 860 4203 966 4252; x_wconf 85' lang='lat' dir='ltr'><strong>Cicero’s</strong></span> <span class='ocrx_word' id='word_1_452' title='bbox 976 4206 1102 4263; x_wconf 78' lang='lat' dir='ltr'><strong>argument</strong></span> <span class='ocrx_word' id='word_1_453' title='bbox 1114 4202 1134 4248; x_wconf 94' lang='lat' dir='ltr'><strong>is</strong></span> <span class='ocrx_word' id='word_1_454' title='bbox 1146 4202 1199 4247; x_wconf 83' lang='lat' dir='ltr'><strong>thet</strong></span> <span class='ocrx_word' id='word_1_455' title='bbox 1210 4202 1251 4248; x_wconf 88' lang='lat' dir='ltr'><strong>the</strong></span> <span class='ocrx_word' id='word_1_456' title='bbox 1266 4202 1342 4249; x_wconf 82' lang='lat' dir='ltr'><strong>eleves</strong></span> <span class='ocrx_word' id='word_1_457' title='bbox 1357 4202 1385 4249; x_wconf 84' lang='lat' dir='ltr'><strong>ol</strong></span> <span class='ocrx_word' id='word_1_458' title='bbox 1400 4202 1445 4249; x_wconf 73' lang='lat' dir='ltr'><strong>rs.</strong></span> 
     </span>
     <span class='ocr_line' id='line_1_44' title="bbox 239 4266 1445 4333; baseline -0.002 -16"><span class='ocrx_word' id='word_1_459' title='bbox 239 4272 346 4333; x_wconf 70' lang='lat' dir='ltr'><strong>wanting</strong></span> <span class='ocrx_word' id='word_1_460' title='bbox 361 4271 388 4317; x_wconf 89' lang='lat' dir='ltr'><strong>in</strong></span> <span class='ocrx_word' id='word_1_461' title='bbox 404 4270 446 4317; x_wconf 87' lang='lat' dir='ltr'><strong>the</strong></span> <span class='ocrx_word' id='word_1_462' title='bbox 462 4268 522 4316; x_wconf 90' lang='lat' dir='ltr'><strong>Cod.</strong></span> <span class='ocrx_word' id='word_1_463' title='bbox 556 4268 649 4329; x_wconf 85' lang='lat' dir='ltr'><strong>Peyron</strong></span> <span class='ocrx_word' id='word_1_464' title='bbox 666 4266 743 4315; x_wconf 85' lang='lat' dir='ltr'><strong>edded</strong></span> <span class='ocrx_word' id='word_1_465' title='bbox 759 4268 826 4314; x_wconf 85' lang='lat' dir='ltr'><strong>them</strong></span> <span class='ocrx_word' id='word_1_466' title='bbox 858 4268 913 4315; x_wconf 88' lang='lat' dir='ltr'><strong>hius</strong></span> <span class='ocrx_word' id='word_1_467' title='bbox 924 4266 994 4315; x_wconf 86' lang='lat' dir='ltr'><strong>could</strong></span> <span class='ocrx_word' id='word_1_468' title='bbox 1005 4272 1048 4313; x_wconf 90' lang='lat' dir='ltr'><strong>not</strong></span> <span class='ocrx_word' id='word_1_469' title='bbox 1059 4266 1311 4327; x_wconf 78' lang='lat' dir='ltr'><strong>hsrelswiullylrilled</strong></span> <span class='ocrx_word' id='word_1_470' title='bbox 1322 4266 1445 4315; x_wconf 80' lang='lat' dir='ltr'><strong>theslsres</strong></span> 
     </span>
     <span class='ocr_line' id='line_1_45' title="bbox 239 4330 1444 4394; baseline -0.002 -12"><span class='ocrx_word' id='word_1_471' title='bbox 239 4350 272 4382; x_wconf 93' lang='lat' dir='ltr'><strong>on</strong></span> <span class='ocrx_word' id='word_1_472' title='bbox 291 4336 333 4382; x_wconf 88' lang='lat' dir='ltr'><strong>the</strong></span> <span class='ocrx_word' id='word_1_473' title='bbox 351 4332 548 4394; x_wconf 83' lang='lat' dir='ltr'><strong>euthority.ois</strong></span> <span class='ocrx_word' id='word_1_474' title='bbox 564 4346 663 4393; x_wconf 80' lang='lat' dir='ltr'><strong>pesssge</strong></span> <span class='ocrx_word' id='word_1_475' title='bbox 679 4332 705 4378; x_wconf 92' lang='lat' dir='ltr'><strong>in</strong></span> <span class='ocrx_word' id='word_1_476' title='bbox 722 4330 827 4378; x_wconf 87' lang='lat' dir='ltr'><strong>Cicero&#39;s</strong></span> <span class='ocrx_word' id='word_1_477' title='bbox 858 4332 888 4379; x_wconf 83' lang='lat' dir='ltr'><strong>oi</strong></span> <span class='ocrx_word' id='word_1_478' title='bbox 901 4332 995 4379; x_wconf 87' lang='lat' dir='ltr'><strong>Tullius</strong></span> <span class='ocrx_word' id='word_1_479' title='bbox 1011 4346 1071 4378; x_wconf 83' lang='lat' dir='ltr'><strong>sven</strong></span> <span class='ocrx_word' id='word_1_480' title='bbox 1089 4346 1121 4377; x_wconf 95' lang='lat' dir='ltr'><strong>on</strong></span> <span class='ocrx_word' id='word_1_481' title='bbox 1137 4332 1179 4377; x_wconf 86' lang='lat' dir='ltr'><strong>the</strong></span> <span class='ocrx_word' id='word_1_482' title='bbox 1191 4330 1284 4391; x_wconf 77' lang='lat' dir='ltr'><strong>ground</strong></span> <span class='ocrx_word' id='word_1_483' title='bbox 1299 4330 1326 4378; x_wconf 84' lang='lat' dir='ltr'><strong>oi</strong></span> <span class='ocrx_word' id='word_1_484' title='bbox 1341 4331 1444 4390; x_wconf 72' lang='lat' dir='ltr'><strong>Fabius3</strong></span> 
     </span>
     <span class='ocr_line' id='line_1_46' title="bbox 240 4395 1445 4461; baseline -0.002 -15"><span class='ocrx_word' id='word_1_485' title='bbox 240 4398 338 4461; x_wconf 82' lang='lat' dir='ltr'><strong>Topirre,</strong></span> <span class='ocrx_word' id='word_1_486' title='bbox 350 4415 371 4446; x_wconf 95' lang='lat' dir='ltr'><strong>c.</strong></span> <span class='ocrx_word' id='word_1_487' title='bbox 387 4401 416 4455; x_wconf 84' lang='lat' dir='ltr'><strong>l7</strong></span> <span class='ocrx_word' id='word_1_488' title='bbox 424 4416 430 4445; x_wconf 77' lang='grc' dir='ltr'><strong><em>ε</em></strong></span> <span class='ocrx_word' id='word_1_489' title='bbox 452 4404 531 4444; x_wconf 81' lang='lat' dir='ltr'><strong>“nem</strong></span> <span class='ocrx_word' id='word_1_490' title='bbox 541 4396 620 4457; x_wconf 80' lang='lat' dir='ltr'><strong>jecere</strong></span> <span class='ocrx_word' id='word_1_491' title='bbox 630 4396 705 4443; x_wconf 89' lang='lat' dir='ltr'><strong>telum</strong></span> <span class='ocrx_word' id='word_1_492' title='bbox 717 4395 827 4442; x_wconf 83' lang='lat' dir='ltr'><strong>volunte-</strong></span> <span class='ocrx_word' id='word_1_493' title='bbox 859 4396 907 4443; x_wconf 85' lang='lat' dir='ltr'><strong>end</strong></span> <span class='ocrx_word' id='word_1_494' title='bbox 922 4396 1023 4452; x_wconf 75' lang='lat' dir='ltr'><strong>further,</strong></span> <span class='ocrx_word' id='word_1_495' title='bbox 1035 4395 1087 4441; x_wconf 85' lang='lat' dir='ltr'><strong>thet</strong></span> <span class='ocrx_word' id='word_1_496' title='bbox 1099 4395 1130 4441; x_wconf 91' lang='lat' dir='ltr'><strong>he</strong></span> <span class='ocrx_word' id='word_1_497' title='bbox 1146 4396 1216 4442; x_wconf 88' lang='lat' dir='ltr'><strong>could</strong></span> <span class='ocrx_word' id='word_1_498' title='bbox 1232 4400 1275 4443; x_wconf 91' lang='lat' dir='ltr'><strong>not</strong></span> <span class='ocrx_word' id='word_1_499' title='bbox 1289 4396 1349 4443; x_wconf 85' lang='lat' dir='ltr'><strong>heve</strong></span> <span class='ocrx_word' id='word_1_500' title='bbox 1364 4396 1445 4459; x_wconf 89' lang='lat' dir='ltr'><strong>pulled</strong></span> 
     </span>
     <span class='ocr_line' id='line_1_47' title="bbox 240 4459 1445 4525; baseline -0.002 -14"><span class='ocrx_word' id='word_1_501' title='bbox 240 4464 272 4511; x_wconf 85' lang='lat' dir='ltr'><strong>tie</strong></span> <span class='ocrx_word' id='word_1_502' title='bbox 283 4470 335 4511; x_wconf 71' lang='lat' dir='ltr'><strong>ests</strong></span> <span class='ocrx_word' id='word_1_503' title='bbox 352 4464 423 4511; x_wconf 85' lang='lat' dir='ltr'><strong>ierire</strong></span> <span class='ocrx_word' id='word_1_504' title='bbox 434 4478 505 4525; x_wconf 84' lang='lat' dir='ltr'><strong>quem</strong></span> <span class='ocrx_word' id='word_1_505' title='bbox 514 4462 627 4517; x_wconf 84' lang='lat' dir='ltr'><strong>nolucris,</strong></span> <span class='ocrx_word' id='word_1_506' title='bbox 639 4461 756 4507; x_wconf 78' lang='lat' dir='ltr'><strong>fortunae.</strong></span> <span class='ocrx_word' id='word_1_507' title='bbox 791 4460 828 4506; x_wconf 81' lang='lat' dir='ltr'><strong>Ex</strong></span> <span class='ocrx_word' id='word_1_508' title='bbox 860 4460 939 4516; x_wconf 88' lang='lat' dir='ltr'><strong>down,</strong></span> <span class='ocrx_word' id='word_1_509' title='bbox 952 4460 1027 4507; x_wconf 85' lang='lat' dir='ltr'><strong>either</strong></span> <span class='ocrx_word' id='word_1_510' title='bbox 1038 4460 1139 4507; x_wconf 80' lang='lat' dir='ltr'><strong>without</strong></span> <span class='ocrx_word' id='word_1_511' title='bbox 1150 4459 1191 4507; x_wconf 88' lang='lat' dir='ltr'><strong>the</strong></span> <span class='ocrx_word' id='word_1_512' title='bbox 1202 4460 1340 4521; x_wconf 68' lang='lat' dir='ltr'><strong>knowledge</strong></span> <span class='ocrx_word' id='word_1_513' title='bbox 1351 4462 1445 4509; x_wconf 77' lang='lat' dir='ltr'><strong>oi&#39;l&#39;ul·</strong></span> 
     </span>
     <span class='ocr_line' id='line_1_48' title="bbox 240 4523 1446 4591; baseline 0 -16"><span class='ocrx_word' id='word_1_514' title='bbox 240 4542 290 4591; x_wconf 85' lang='lat' dir='ltr'><strong>qno</strong></span> <span class='ocrx_word' id='word_1_515' title='bbox 300 4530 362 4576; x_wconf 84' lang='lat' dir='ltr'><strong>eries</strong></span> <span class='ocrx_word' id='word_1_516' title='bbox 372 4528 413 4575; x_wconf 88' lang='lat' dir='ltr'><strong>ille</strong></span> <span class='ocrx_word' id='word_1_517' title='bbox 423 4527 549 4588; x_wconf 87' lang='lat' dir='ltr'><strong>subjicitur</strong></span> <span class='ocrx_word' id='word_1_518' title='bbox 555 4526 581 4573; x_wconf 91' lang='lat' dir='ltr'><strong>in</strong></span> <span class='ocrx_word' id='word_1_519' title='bbox 588 4526 672 4573; x_wconf 83' lang='lat' dir='ltr'><strong>vestris</strong></span> <span class='ocrx_word' id='word_1_520' title='bbox 679 4523 824 4571; x_wconf 73' lang='lat' dir='ltr'><strong>actionibus:</strong></span> <span class='ocrx_word' id='word_1_521' title='bbox 858 4524 913 4581; x_wconf 85' lang='lat' dir='ltr'><strong>lius,</strong></span> <span class='ocrx_word' id='word_1_522' title='bbox 925 4540 953 4571; x_wconf 91' lang='lat' dir='ltr'><strong>or</strong></span> <span class='ocrx_word' id='word_1_523' title='bbox 967 4524 998 4585; x_wconf 89' lang='lat' dir='ltr'><strong>hy</strong></span> <span class='ocrx_word' id='word_1_524' title='bbox 1014 4524 1085 4582; x_wconf 74' lang='lat' dir='ltr'><strong>force,</strong></span> <span class='ocrx_word' id='word_1_525' title='bbox 1103 4540 1117 4571; x_wconf 86' lang='lat' dir='ltr'><strong>e</strong></span> <span class='ocrx_word' id='word_1_526' title='bbox 1133 4523 1243 4587; x_wconf 77' lang='lat' dir='ltr'><strong>building</strong></span> <span class='ocrx_word' id='word_1_527' title='bbox 1260 4526 1337 4573; x_wconf 92' lang='lat' dir='ltr'><strong>which</strong></span> <span class='ocrx_word' id='word_1_528' title='bbox 1352 4526 1446 4575; x_wconf 87' lang='lat' dir='ltr'><strong>Tullius</strong></span> 
     </span>
     <span class='ocr_line' id='line_1_49' title="bbox 241 4588 1450 4653; baseline -0.001 -13"><span class='ocrx_word' id='word_1_529' title='bbox 241 4592 268 4639; x_wconf 81' lang='lat' dir='ltr'><strong>Si</strong></span> <span class='ocrx_word' id='word_1_530' title='bbox 284 4593 362 4640; x_wconf 88' lang='lat' dir='ltr'><strong>telurn</strong></span> <span class='ocrx_word' id='word_1_531' title='bbox 380 4608 455 4640; x_wconf 80' lang='lat' dir='ltr'><strong>menn</strong></span> <span class='ocrx_word' id='word_1_532' title='bbox 471 4592 534 4653; x_wconf 77' lang='lat' dir='ltr'><strong>fugit</strong></span> <span class='ocrx_word' id='word_1_533' title='bbox 554 4590 630 4653; x_wconf 70' lang='lat' dir='ltr'><strong>mgis</strong></span> <span class='ocrx_word' id='word_1_534' title='bbox 652 4604 724 4653; x_wconf 85' lang='lat' dir='ltr'><strong>quem</strong></span> <span class='ocrx_word' id='word_1_535' title='bbox 741 4588 826 4650; x_wconf 83' lang='lat' dir='ltr'><strong>jecit.”</strong></span> <span class='ocrx_word' id='word_1_536' title='bbox 858 4589 907 4637; x_wconf 88' lang='lat' dir='ltr'><strong>hed</strong></span> <span class='ocrx_word' id='word_1_537' title='bbox 926 4589 1021 4637; x_wconf 85' lang='lat' dir='ltr'><strong>erected</strong></span> <span class='ocrx_word' id='word_1_538' title='bbox 1039 4604 1071 4638; x_wconf 91' lang='lat' dir='ltr'><strong>on</strong></span> <span class='ocrx_word' id='word_1_539' title='bbox 1093 4589 1135 4637; x_wconf 85' lang='lat' dir='ltr'><strong>the</strong></span> <span class='ocrx_word' id='word_1_540' title='bbox 1154 4590 1248 4652; x_wconf 76' lang='lat' dir='ltr'><strong>ground</strong></span> <span class='ocrx_word' id='word_1_541' title='bbox 1265 4591 1293 4639; x_wconf 87' lang='lat' dir='ltr'><strong>ul</strong></span> <span class='ocrx_word' id='word_1_542' title='bbox 1310 4590 1405 4651; x_wconf 82' lang='lat' dir='ltr'><strong>Fehius,</strong></span> <span class='ocrx_word' id='word_1_543' title='bbox 1428 4591 1450 4639; x_wconf 84' lang='lat' dir='ltr'><strong>li</strong></span> 
     </span>
    </p>
   </div>
   <div class='ocr_carea' id='block_1_7' title="bbox 0 0 1772 5325">
    <p class='ocr_par' dir='ltr' id='par_1_12' title="bbox 0 0 1772 5325">
     <span class='ocr_line' id='line_1_50' title="bbox 0 0 1772 5325; baseline 0 0"><span class='ocrx_word' id='word_1_544' title='bbox 0 0 1772 5325; x_wconf 95' lang='lat' dir='ltr'><strong> </strong></span> 
     </span>
    </p>
   </div>
  </div>
 </body>
</html>
