<?xml version="1.0" encoding="UTF-8"?>
<!DOCTYPE html PUBLIC "-//W3C//DTD XHTML 1.0 Transitional//EN"
    "http://www.w3.org/TR/xhtml1/DTD/xhtml1-transitional.dtd">
<html xmlns="http://www.w3.org/1999/xhtml" xml:lang="en" lang="en">
 <head>
  <title>
</title>
<meta http-equiv="Content-Type" content="text/html;charset=utf-8" />
  <meta name='ocr-system' content='tesseract 3.04.00' />
  <meta name='ocr-capabilities' content='ocr_page ocr_carea ocr_par ocr_line ocrx_word'/>
</head>
<body>
  <div class='ocr_page' id='page_1' title='image "./mtulliiciceroni02longgoog/mtulliiciceroni02longgoog_0309.png"; bbox 0 0 3517 5325; ppageno 0'>
   <div class='ocr_carea' id='block_1_1' title="bbox 306 459 1202 532">
    <p class='ocr_par' dir='ltr' id='par_1_1' title="bbox 306 459 1202 532">
     <span class='ocr_line' id='line_1_1' title="bbox 306 459 1202 532; baseline -0.009 0"><span class='ocrx_word' id='word_1_1' title='bbox 306 466 373 532; x_wconf 76' lang='lat' dir='ltr'>me</span> <span class='ocrx_word' id='word_1_2' title='bbox 612 461 748 526; x_wconf 83' lang='lat' dir='ltr'><strong>ORAT.</strong></span> <span class='ocrx_word' id='word_1_3' title='bbox 777 459 869 526; x_wconf 82' lang='lat' dir='ltr'>PRO</span> <span class='ocrx_word' id='word_1_4' title='bbox 896 460 939 526; x_wconf 79' lang='lat' dir='ltr'>A.</span> <span class='ocrx_word' id='word_1_5' title='bbox 962 459 1202 526; x_wconf 65' lang='lat' dir='ltr'>octennio</span> 
     </span>
    </p>
   </div>
   <div class='ocr_carea' id='block_1_2' title="bbox 271 629 1516 3345">
    <p class='ocr_par' dir='ltr' id='par_1_2' title="bbox 304 629 1516 1107">
     <span class='ocr_line' id='line_1_2' title="bbox 304 629 1516 720; baseline -0.001 -22"><span class='ocrx_word' id='word_1_6' title='bbox 304 633 407 720; x_wconf 87' lang='lat' dir='ltr'>gloria</span> <span class='ocrx_word' id='word_1_7' title='bbox 420 632 601 709; x_wconf 86' lang='lat' dir='ltr'>adductum,</span> <span class='ocrx_word' id='word_1_8' title='bbox 618 633 675 696; x_wconf 87' lang='lat' dir='ltr'>sed</span> <span class='ocrx_word' id='word_1_9' title='bbox 690 631 819 696; x_wconf 80' lang='lat' dir='ltr'>nefariis</span> <span class='ocrx_word' id='word_1_10' title='bbox 834 630 965 715; x_wconf 83' lang='lat' dir='ltr'>injuriis,</span> <span class='ocrx_word' id='word_1_11' title='bbox 987 629 1181 717; x_wconf 69' lang='lat' dir='ltr'><strong>quotidianis</strong></span> <span class='ocrx_word' id='word_1_12' title='bbox 1194 629 1325 708; x_wconf 65' lang='lat' dir='ltr'>insidiis</span> <span class='ocrx_word' id='word_1_13' title='bbox 1342 630 1516 717; x_wconf 86' lang='lat' dir='ltr'>proposito</span> 
     </span>
     <span class='ocr_line' id='line_1_3' title="bbox 304 727 1515 815; baseline -0.002 -19"><span class='ocrx_word' id='word_1_14' title='bbox 304 738 380 796; x_wconf 81' lang='lat' dir='ltr'>ante</span> <span class='ocrx_word' id='word_1_15' title='bbox 391 730 499 794; x_wconf 88' lang='lat' dir='ltr'>oculos</span> <span class='ocrx_word' id='word_1_16' title='bbox 508 731 591 794; x_wconf 78' lang='lat' dir='ltr'>vitae</span> <span class='ocrx_word' id='word_1_17' title='bbox 607 729 756 814; x_wconf 89' lang='lat' dir='ltr'>periculo,</span> <span class='ocrx_word' id='word_1_18' title='bbox 774 751 888 792; x_wconf 86' lang='lat' dir='ltr'>nomeu</span> <span class='ocrx_word' id='word_1_19' title='bbox 904 728 1073 814; x_wconf 78' lang='lat' dir='ltr'>Oppianici</span> <span class='ocrx_word' id='word_1_20' title='bbox 1088 727 1250 804; x_wconf 85' lang='lat' dir='ltr'>detulisse,</span> <span class='ocrx_word' id='word_1_21' title='bbox 1265 728 1371 813; x_wconf 90' lang='lat' dir='ltr'>paullo</span> <span class='ocrx_word' id='word_1_22' title='bbox 1385 728 1515 815; x_wconf 79' lang='lat' dir='ltr'>lougius</span> 
     </span>
     <span class='ocr_line' id='line_1_4' title="bbox 305 826 1515 911; baseline -0.002 -19"><span class='ocrx_word' id='word_1_23' title='bbox 305 829 468 892; x_wconf 79' lang='lat' dir='ltr'>exordium</span> <span class='ocrx_word' id='word_1_24' title='bbox 498 828 544 891; x_wconf 90' lang='lat' dir='ltr'>rei</span> <span class='ocrx_word' id='word_1_25' title='bbox 574 826 839 891; x_wconf 70' lang='lat' dir='ltr'><strong>demonstrandae</strong></span> <span class='ocrx_word' id='word_1_26' title='bbox 869 834 999 911; x_wconf 77' lang='lat' dir='ltr'>petam3</span> <span class='ocrx_word' id='word_1_27' title='bbox 1038 826 1124 911; x_wconf 91' lang='lat' dir='ltr'>quod</span> <span class='ocrx_word' id='word_1_28' title='bbox 1148 847 1278 910; x_wconf 74' lang='lat' dir='ltr'>quaeso,</span> <span class='ocrx_word' id='word_1_29' title='bbox 1305 826 1440 910; x_wconf 76' lang='lat' dir='ltr'>judices,</span> <span class='ocrx_word' id='word_1_30' title='bbox 1470 830 1515 889; x_wconf 80' lang='lat' dir='ltr'>ne</span> 
     </span>
     <span class='ocr_line' id='line_1_5' title="bbox 304 923 1515 1010; baseline -0.001 -20"><span class='ocrx_word' id='word_1_31' title='bbox 304 925 438 990; x_wconf 83' lang='lat' dir='ltr'>moleste</span> <span class='ocrx_word' id='word_1_32' title='bbox 453 923 627 1010; x_wconf 85' lang='lat' dir='ltr'>patiemini.</span> <span class='ocrx_word' id='word_1_33' title='bbox 674 923 844 1008; x_wconf 81' lang='lat' dir='ltr'>Principiis</span> <span class='ocrx_word' id='word_1_34' title='bbox 859 923 944 988; x_wconf 87' lang='lat' dir='ltr'>enim</span> <span class='ocrx_word' id='word_1_35' title='bbox 955 923 1098 1009; x_wconf 75' lang='lat' dir='ltr'>cognitis</span> <span class='ocrx_word' id='word_1_36' title='bbox 1116 923 1217 988; x_wconf 86' lang='lat' dir='ltr'>multo</span> <span class='ocrx_word' id='word_1_37' title='bbox 1231 923 1353 988; x_wconf 75' lang='lat' dir='ltr'>facilium</span> <span class='ocrx_word' id='word_1_38' title='bbox 1367 931 1515 989; x_wconf 77' lang='lat' dir='ltr'>extreure</span> 
     </span>
     <span class='ocr_line' id='line_1_6' title="bbox 304 1022 502 1107; baseline 0 -21"><span class='ocrx_word' id='word_1_39' title='bbox 304 1022 502 1107; x_wconf 80' lang='lat' dir='ltr'>intelligetis.</span> 
     </span>
    </p>

    <p class='ocr_par' dir='ltr' id='par_1_3' title="bbox 271 1117 1513 3345">
     <span class='ocr_line' id='line_1_7' title="bbox 271 1117 1512 1204; baseline 0.001 -23"><span class='ocrx_word' id='word_1_40' title='bbox 271 1137 275 1142; x_wconf 88' lang='lat'>·</span> <span class='ocrx_word' id='word_1_41' title='bbox 350 1120 393 1184; x_wconf 86' lang='lat' dir='ltr'>V.</span> <span class='ocrx_word' id='word_1_42' title='bbox 418 1120 459 1182; x_wconf 87' lang='lat' dir='ltr'>A.</span> <span class='ocrx_word' id='word_1_43' title='bbox 476 1119 641 1184; x_wconf 79' lang='lat' dir='ltr'>Cluentius</span> <span class='ocrx_word' id='word_1_44' title='bbox 658 1118 799 1183; x_wconf 82' lang='lat' dir='ltr'>Habitus</span> <span class='ocrx_word' id='word_1_45' title='bbox 821 1119 892 1196; x_wconf 82' lang='lat' dir='ltr'>luit,</span> <span class='ocrx_word' id='word_1_46' title='bbox 911 1126 1005 1204; x_wconf 86' lang='lat' dir='ltr'>pater</span> <span class='ocrx_word' id='word_1_47' title='bbox 1021 1119 1166 1202; x_wconf 85' lang='lat' dir='ltr'>hujusce,</span> <span class='ocrx_word' id='word_1_48' title='bbox 1178 1117 1313 1202; x_wconf 83' lang='lat' dir='ltr'>judices,</span> <span class='ocrx_word' id='word_1_49' title='bbox 1334 1117 1430 1182; x_wconf 81' lang='lat' dir='ltr'>homo</span> <span class='ocrx_word' id='word_1_50' title='bbox 1446 1140 1512 1182; x_wconf 89' lang='lat' dir='ltr'>nou</span> 
     </span>
     <span class='ocr_line' id='line_1_8' title="bbox 305 1215 1511 1302; baseline -0.002 -20"><span class='ocrx_word' id='word_1_51' title='bbox 305 1219 408 1283; x_wconf 86' lang='lat' dir='ltr'>solum</span> <span class='ocrx_word' id='word_1_52' title='bbox 425 1217 586 1302; x_wconf 86' lang='lat' dir='ltr'>municipii</span> <span class='ocrx_word' id='word_1_53' title='bbox 602 1216 763 1281; x_wconf 72' lang='lat' dir='ltr'>Larinatis</span> <span class='ocrx_word' id='word_1_54' title='bbox 778 1239 819 1280; x_wconf 83' lang='lat' dir='ltr'>ex</span> <span class='ocrx_word' id='word_1_55' title='bbox 841 1239 906 1302; x_wconf 91' lang='lat' dir='ltr'>quo</span> <span class='ocrx_word' id='word_1_56' title='bbox 927 1224 1008 1292; x_wconf 75' lang='lat' dir='ltr'>erat,</span> <span class='ocrx_word' id='word_1_57' title='bbox 1022 1217 1079 1280; x_wconf 89' lang='lat' dir='ltr'>sed</span> <span class='ocrx_word' id='word_1_58' title='bbox 1101 1215 1198 1280; x_wconf 86' lang='lat' dir='ltr'>etiem</span> <span class='ocrx_word' id='word_1_59' title='bbox 1217 1215 1356 1300; x_wconf 78' lang='lat' dir='ltr'>regionis</span> <span class='ocrx_word' id='word_1_60' title='bbox 1378 1215 1463 1278; x_wconf 83' lang='lat' dir='ltr'>illiue</span> <span class='ocrx_word' id='word_1_61' title='bbox 1476 1222 1511 1280; x_wconf 88' lang='lat' dir='ltr'>et</span> 
     </span>
     <span class='ocr_line' id='line_1_9' title="bbox 304 1312 1513 1398; baseline -0.003 -18"><span class='ocrx_word' id='word_1_62' title='bbox 304 1315 485 1391; x_wconf 82' lang='lat' dir='ltr'>vicinitatis,</span> <span class='ocrx_word' id='word_1_63' title='bbox 516 1315 644 1391; x_wconf 82' lang='lat' dir='ltr'>virtute,</span> <span class='ocrx_word' id='word_1_64' title='bbox 676 1313 923 1391; x_wconf 82' lang='lat' dir='ltr'>existimatione,</span> <span class='ocrx_word' id='word_1_65' title='bbox 949 1313 1118 1378; x_wconf 80' lang='lat' dir='ltr'>nobilitate</span> <span class='ocrx_word' id='word_1_66' title='bbox 1145 1312 1238 1378; x_wconf 79' lang='lat' dir='ltr'>facile</span> <span class='ocrx_word' id='word_1_67' title='bbox 1262 1313 1417 1398; x_wconf 84' lang='lat' dir='ltr'>princeps.</span> <span class='ocrx_word' id='word_1_68' title='bbox 1475 1313 1513 1376; x_wconf 83' lang='lat' dir='ltr'>le</span> 
     </span>
     <span class='ocr_line' id='line_1_10' title="bbox 304 1409 1512 1498; baseline -0.001 -22"><span class='ocrx_word' id='word_1_69' title='bbox 304 1433 403 1498; x_wconf 87' lang='lat' dir='ltr'>quum</span> <span class='ocrx_word' id='word_1_70' title='bbox 430 1420 516 1477; x_wconf 77' lang='lat' dir='ltr'>esset</span> <span class='ocrx_word' id='word_1_71' title='bbox 542 1419 687 1476; x_wconf 89' lang='lat' dir='ltr'>mortuus</span> <span class='ocrx_word' id='word_1_72' title='bbox 714 1411 801 1476; x_wconf 91' lang='lat' dir='ltr'>Sulla</span> <span class='ocrx_word' id='word_1_73' title='bbox 826 1419 860 1476; x_wconf 84' lang='lat' dir='ltr'>et</span> <span class='ocrx_word' id='word_1_74' title='bbox 886 1410 1046 1496; x_wconf 83' lang='lat' dir='ltr'>Pompeio</span> <span class='ocrx_word' id='word_1_75' title='bbox 1059 1411 1250 1487; x_wconf 70' lang='lat' dir='ltr'>consulibus,</span> <span class='ocrx_word' id='word_1_76' title='bbox 1273 1409 1400 1494; x_wconf 88' lang='lat' dir='ltr'>reliquit</span> <span class='ocrx_word' id='word_1_77' title='bbox 1425 1410 1512 1475; x_wconf 87' lang='lat' dir='ltr'>hunc</span> 
     </span>
     <span class='ocr_line' id='line_1_11' title="bbox 304 1509 1513 1595; baseline -0.001 -22"><span class='ocrx_word' id='word_1_78' title='bbox 304 1531 405 1574; x_wconf 81' lang='lat' dir='ltr'>anuos</span> <span class='ocrx_word' id='word_1_79' title='bbox 434 1531 476 1572; x_wconf 80' lang='lat' dir='ltr'>xv</span> <span class='ocrx_word' id='word_1_80' title='bbox 504 1517 627 1587; x_wconf 83' lang='lat' dir='ltr'>netum,</span> <span class='ocrx_word' id='word_1_81' title='bbox 650 1511 802 1595; x_wconf 78' lang='lat' dir='ltr'>grandem</span> <span class='ocrx_word' id='word_1_82' title='bbox 826 1517 935 1574; x_wconf 83' lang='lat' dir='ltr'>eutem</span> <span class='ocrx_word' id='word_1_83' title='bbox 957 1517 991 1574; x_wconf 86' lang='lat' dir='ltr'>et</span> <span class='ocrx_word' id='word_1_84' title='bbox 1015 1509 1154 1573; x_wconf 83' lang='lat' dir='ltr'>unhilem</span> <span class='ocrx_word' id='word_1_85' title='bbox 1177 1509 1294 1584; x_wconf 64' lang='lat' dir='ltr'>filiam</span> <span class='ocrx_word' id='word_1_86' title='bbox 1319 1531 1402 1594; x_wconf 79' lang='lat' dir='ltr'>quae</span> <span class='ocrx_word' id='word_1_87' title='bbox 1423 1509 1513 1572; x_wconf 83' lang='lat' dir='ltr'>brevi</span> 
     </span>
     <span class='ocr_line' id='line_1_12' title="bbox 304 1607 1513 1692; baseline -0.001 -21"><span class='ocrx_word' id='word_1_88' title='bbox 304 1616 447 1692; x_wconf 84' lang='lat' dir='ltr'>tempore</span> <span class='ocrx_word' id='word_1_89' title='bbox 473 1616 547 1691; x_wconf 84' lang='lat' dir='ltr'>post</span> <span class='ocrx_word' id='word_1_90' title='bbox 573 1607 672 1691; x_wconf 87' lang='lat' dir='ltr'>patris</span> <span class='ocrx_word' id='word_1_91' title='bbox 692 1619 828 1672; x_wconf 82' lang='lat' dir='ltr'>mortem</span> <span class='ocrx_word' id='word_1_92' title='bbox 850 1607 959 1692; x_wconf 85' lang='lat' dir='ltr'>nupsit</span> <span class='ocrx_word' id='word_1_93' title='bbox 981 1608 1024 1670; x_wconf 77' lang='lat' dir='ltr'>A.</span> <span class='ocrx_word' id='word_1_94' title='bbox 1041 1608 1144 1672; x_wconf 86' lang='lat' dir='ltr'>Aurio</span> <span class='ocrx_word' id='word_1_95' title='bbox 1167 1607 1299 1685; x_wconf 85' lang='lat' dir='ltr'>Melino,</span> <span class='ocrx_word' id='word_1_96' title='bbox 1322 1607 1513 1671; x_wconf 85' lang='lat' dir='ltr'>consobrino</span> 
     </span>
     <span class='ocr_line' id='line_1_13' title="bbox 304 1704 1512 1790; baseline 0 -22"><span class='ocrx_word' id='word_1_97' title='bbox 304 1727 372 1784; x_wconf 85' lang='lat' dir='ltr'>suo,</span> <span class='ocrx_word' id='word_1_98' title='bbox 389 1705 585 1770; x_wconf 85' lang='lat' dir='ltr'>adolescenti</span> <span class='ocrx_word' id='word_1_99' title='bbox 601 1705 765 1790; x_wconf 84' lang='lat' dir='ltr'>inprimis,</span> <span class='ocrx_word' id='word_1_100' title='bbox 782 1711 820 1768; x_wconf 87' lang='lat' dir='ltr'>ut</span> <span class='ocrx_word' id='word_1_101' title='bbox 834 1711 905 1768; x_wconf 86' lang='lat' dir='ltr'>tum</span> <span class='ocrx_word' id='word_1_102' title='bbox 919 1704 1107 1782; x_wconf 82' lang='lat' dir='ltr'>habebatur,</span> <span class='ocrx_word' id='word_1_103' title='bbox 1123 1705 1207 1769; x_wconf 88' lang='lat' dir='ltr'>iuter</span> <span class='ocrx_word' id='word_1_104' title='bbox 1226 1727 1303 1768; x_wconf 87' lang='lat' dir='ltr'>suos</span> <span class='ocrx_word' id='word_1_105' title='bbox 1321 1713 1355 1768; x_wconf 90' lang='lat' dir='ltr'>et</span> <span class='ocrx_word' id='word_1_106' title='bbox 1374 1704 1512 1768; x_wconf 85' lang='lat' dir='ltr'>honesto</span> 
     </span>
     <span class='ocr_line' id='line_1_14' title="bbox 305 1801 1511 1887; baseline -0.004 -17"><span class='ocrx_word' id='word_1_107' title='bbox 305 1809 339 1870; x_wconf 83' lang='lat' dir='ltr'>et</span> <span class='ocrx_word' id='word_1_108' title='bbox 353 1802 461 1866; x_wconf 89' lang='lat' dir='ltr'>nobili.</span> <span class='ocrx_word' id='word_1_109' title='bbox 508 1803 611 1884; x_wconf 73' lang='lat' dir='ltr'>Quium</span> <span class='ocrx_word' id='word_1_110' title='bbox 627 1809 735 1868; x_wconf 80' lang='lat' dir='ltr'>eseent</span> <span class='ocrx_word' id='word_1_111' title='bbox 750 1802 809 1866; x_wconf 86' lang='lat' dir='ltr'>hae</span> <span class='ocrx_word' id='word_1_112' title='bbox 824 1801 954 1885; x_wconf 87' lang='lat' dir='ltr'>nuptiue</span> <span class='ocrx_word' id='word_1_113' title='bbox 976 1801 1088 1885; x_wconf 80' lang='lat' dir='ltr'>plenae</span> <span class='ocrx_word' id='word_1_114' title='bbox 1110 1801 1286 1887; x_wconf 86' lang='lat' dir='ltr'>dignitatis,</span> <span class='ocrx_word' id='word_1_115' title='bbox 1302 1801 1415 1886; x_wconf 80' lang='lat' dir='ltr'>plenae</span> <span class='ocrx_word' id='word_1_116' title='bbox 1435 1822 1511 1865; x_wconf 93' lang='lat' dir='ltr'>con-</span> 
     </span>
     <span class='ocr_line' id='line_1_15' title="bbox 306 1898 1510 1984; baseline -0.001 -19"><span class='ocrx_word' id='word_1_117' title='bbox 306 1900 442 1976; x_wconf 82' lang='lat' dir='ltr'>cordiae,</span> <span class='ocrx_word' id='word_1_118' title='bbox 459 1908 590 1984; x_wconf 87' lang='lat' dir='ltr'>repente</span> <span class='ocrx_word' id='word_1_119' title='bbox 605 1907 656 1963; x_wconf 85' lang='lat' dir='ltr'>est</span> <span class='ocrx_word' id='word_1_120' title='bbox 670 1908 785 1966; x_wconf 81' lang='lat' dir='ltr'>exorte</span> <span class='ocrx_word' id='word_1_121' title='bbox 805 1899 946 1964; x_wconf 83' lang='lat' dir='ltr'>mulieris</span> <span class='ocrx_word' id='word_1_122' title='bbox 967 1898 1168 1984; x_wconf 83' lang='lat' dir='ltr'>importunae</span> <span class='ocrx_word' id='word_1_123' title='bbox 1190 1899 1309 1964; x_wconf 83' lang='lat' dir='ltr'>nelarie</span> <span class='ocrx_word' id='word_1_124' title='bbox 1322 1899 1428 1978; x_wconf 88' lang='lat' dir='ltr'>libido,</span> <span class='ocrx_word' id='word_1_125' title='bbox 1445 1921 1510 1964; x_wconf 87' lang='lat' dir='ltr'>non</span> 
     </span>
     <span class='ocr_line' id='line_1_16' title="bbox 305 1996 1513 2082; baseline -0.002 -20"><span class='ocrx_word' id='word_1_126' title='bbox 305 1997 407 2062; x_wconf 87' lang='lat' dir='ltr'>solum</span> <span class='ocrx_word' id='word_1_127' title='bbox 437 1998 590 2062; x_wconf 89' lang='lat' dir='ltr'>dedecore</span> <span class='ocrx_word' id='word_1_128' title='bbox 620 2019 728 2062; x_wconf 87' lang='lat' dir='ltr'>verum</span> <span class='ocrx_word' id='word_1_129' title='bbox 758 1997 855 2062; x_wconf 87' lang='lat' dir='ltr'>etiam</span> <span class='ocrx_word' id='word_1_130' title='bbox 884 1997 1004 2062; x_wconf 85' lang='lat' dir='ltr'>scelere</span> <span class='ocrx_word' id='word_1_131' title='bbox 1032 1998 1214 2082; x_wconf 88' lang='lat' dir='ltr'>conjuncta.</span> <span class='ocrx_word' id='word_1_132' title='bbox 1275 1996 1358 2060; x_wconf 84' lang='lat' dir='ltr'>Nam</span> <span class='ocrx_word' id='word_1_133' title='bbox 1389 1997 1513 2073; x_wconf 54' lang='lat' dir='ltr'>Senem·</span> 
     </span>
     <span class='ocr_line' id='line_1_17' title="bbox 305 2093 1510 2180; baseline -0.002 -20"><span class='ocrx_word' id='word_1_134' title='bbox 305 2103 408 2160; x_wconf 80' lang='lat' dir='ltr'>mater</span> <span class='ocrx_word' id='word_1_135' title='bbox 431 2096 526 2180; x_wconf 81' lang='lat' dir='ltr'>hujus</span> <span class='ocrx_word' id='word_1_136' title='bbox 548 2095 809 2160; x_wconf 84' lang='lat' dir='ltr'>Habiti—meter</span> <span class='ocrx_word' id='word_1_137' title='bbox 829 2095 948 2159; x_wconf 80' lang='lat' dir='ltr'>enims</span> <span class='ocrx_word' id='word_1_138' title='bbox 970 2117 1021 2160; x_wconf 90' lang='lat' dir='ltr'>me</span> <span class='ocrx_word' id='word_1_139' title='bbox 1040 2095 1073 2159; x_wconf 88' lang='lat' dir='ltr'>in</span> <span class='ocrx_word' id='word_1_140' title='bbox 1093 2095 1178 2160; x_wconf 92' lang='lat' dir='ltr'>omui</span> <span class='ocrx_word' id='word_1_141' title='bbox 1193 2117 1316 2169; x_wconf 75' lang='lat' dir='ltr'>caussa,</span> <span class='ocrx_word' id='word_1_142' title='bbox 1331 2093 1463 2158; x_wconf 84' lang='lat' dir='ltr'>tametsi</span> <span class='ocrx_word' id='word_1_143' title='bbox 1476 2093 1510 2158; x_wconf 86' lang='lat' dir='ltr'>in</span> 
     </span>
     <span class='ocr_line' id='line_1_18' title="bbox 305 2191 1512 2277; baseline -0.001 -21"><span class='ocrx_word' id='word_1_144' title='bbox 305 2193 389 2257; x_wconf 89' lang='lat' dir='ltr'>huuc</span> <span class='ocrx_word' id='word_1_145' title='bbox 414 2192 521 2256; x_wconf 86' lang='lat' dir='ltr'>hostili</span> <span class='ocrx_word' id='word_1_146' title='bbox 545 2192 616 2255; x_wconf 90' lang='lat' dir='ltr'>odic</span> <span class='ocrx_word' id='word_1_147' title='bbox 639 2199 673 2256; x_wconf 89' lang='lat' dir='ltr'>et·</span> <span class='ocrx_word' id='word_1_148' title='bbox 696 2191 968 2267; x_wconf 59' lang='lat' dir='ltr'>crudelitatem,</span> <span class='ocrx_word' id='word_1_149' title='bbox 991 2199 1103 2269; x_wconf 82' lang='lat' dir='ltr'>mater,</span> <span class='ocrx_word' id='word_1_150' title='bbox 1119 2192 1256 2277; x_wconf 82' lang='lat' dir='ltr'>inquam,</span> <span class='ocrx_word' id='word_1_151' title='bbox 1271 2192 1487 2277; x_wconf 85' lang='lat' dir='ltr'>appellabitur</span> <span class='ocrx_word' id='word_1_152' title='bbox 1496 2216 1512 2266; x_wconf 84' lang='lat'>;·</span> 
     </span>
     <span class='ocr_line' id='line_1_19' title="bbox 305 2289 1510 2376; baseline -0.002 -22"><span class='ocrx_word' id='word_1_153' title='bbox 305 2313 408 2376; x_wconf 89' lang='lat' dir='ltr'>neque</span> <span class='ocrx_word' id='word_1_154' title='bbox 428 2313 576 2376; x_wconf 85' lang='lat' dir='ltr'>umquem</span> <span class='ocrx_word' id='word_1_155' title='bbox 595 2290 648 2354; x_wconf 90' lang='lat' dir='ltr'>illa</span> <span class='ocrx_word' id='word_1_156' title='bbox 669 2290 716 2354; x_wconf 82' lang='lat' dir='ltr'>ita</span> <span class='ocrx_word' id='word_1_157' title='bbox 738 2290 777 2352; x_wconf 92' lang='lat' dir='ltr'>de</span> <span class='ocrx_word' id='word_1_158' title='bbox 799 2311 857 2353; x_wconf 86' lang='lat' dir='ltr'>suo</span> <span class='ocrx_word' id='word_1_159' title='bbox 880 2289 999 2354; x_wconf 85' lang='lat' dir='ltr'>scelere</span> <span class='ocrx_word' id='word_1_160' title='bbox 1014 2297 1049 2355; x_wconf 87' lang='lat' dir='ltr'>et</span> <span class='ocrx_word' id='word_1_161' title='bbox 1063 2290 1261 2354; x_wconf 86' lang='lat' dir='ltr'>immanitate</span> <span class='ocrx_word' id='word_1_162' title='bbox 1274 2289 1383 2353; x_wconf 81' lang='lat' dir='ltr'>audiet</span> <span class='ocrx_word' id='word_1_163' title='bbox 1402 2296 1441 2353; x_wconf 90' lang='lat' dir='ltr'>ot</span> <span class='ocrx_word' id='word_1_164' title='bbox 1453 2309 1510 2352; x_wconf 86' lang='lat' dir='ltr'>na-</span> 
     </span>
     <span class='ocr_line' id='line_1_20' title="bbox 306 2386 1510 2472; baseline -0.002 -20"><span class='ocrx_word' id='word_1_165' title='bbox 306 2397 397 2452; x_wconf 86' lang='lat' dir='ltr'>turae</span> <span class='ocrx_word' id='word_1_166' title='bbox 412 2409 526 2452; x_wconf 89' lang='lat' dir='ltr'>nomeu</span> <span class='ocrx_word' id='word_1_167' title='bbox 546 2387 696 2452; x_wconf 85' lang='lat' dir='ltr'>amittat:</span> <span class='ocrx_word' id='word_1_168' title='bbox 724 2408 786 2470; x_wconf 88' lang='lat' dir='ltr'>quo</span> <span class='ocrx_word' id='word_1_169' title='bbox 802 2386 956 2451; x_wconf 71' lang='lat' dir='ltr'>euim-est</span> <span class='ocrx_word' id='word_1_170' title='bbox 975 2387 1080 2472; x_wconf 86' lang='lat' dir='ltr'>ipsum</span> <span class='ocrx_word' id='word_1_171' title='bbox 1095 2409 1210 2450; x_wconf 91' lang='lat' dir='ltr'>nomen</span> <span class='ocrx_word' id='word_1_172' title='bbox 1228 2387 1390 2452; x_wconf 84' lang='lat' dir='ltr'>amantius</span> <span class='ocrx_word' id='word_1_173' title='bbox 1408 2387 1510 2451; x_wconf 91' lang='lat' dir='ltr'>indul-</span> 
     </span>
     <span class='ocr_line' id='line_1_21' title="bbox 305 2482 1511 2570; baseline -0.001 -20"><span class='ocrx_word' id='word_1_174' title='bbox 305 2485 496 2570; x_wconf 85' lang='lat' dir='ltr'>gentiusque</span> <span class='ocrx_word' id='word_1_175' title='bbox 511 2491 698 2560; x_wconf 83' lang='lat' dir='ltr'>maternum,</span> <span class='ocrx_word' id='word_1_176' title='bbox 715 2483 775 2547; x_wconf 91' lang='lat' dir='ltr'>hoc</span> <span class='ocrx_word' id='word_1_177' title='bbox 791 2483 872 2548; x_wconf 86' lang='lat' dir='ltr'>illius</span> <span class='ocrx_word' id='word_1_178' title='bbox 887 2482 1009 2561; x_wconf 83' lang='lat' dir='ltr'>metris,</span> <span class='ocrx_word' id='word_1_179' title='bbox 1025 2505 1107 2568; x_wconf 84' lang='lat' dir='ltr'>quae</span> <span class='ocrx_word' id='word_1_180' title='bbox 1128 2484 1248 2549; x_wconf 87' lang='lat' dir='ltr'>multos</span> <span class='ocrx_word' id='word_1_181' title='bbox 1264 2484 1333 2568; x_wconf 89' lang='lat' dir='ltr'>jam</span> <span class='ocrx_word' id='word_1_182' title='bbox 1352 2505 1453 2548; x_wconf 81' lang='lat' dir='ltr'>annos</span> <span class='ocrx_word' id='word_1_183' title='bbox 1474 2491 1511 2549; x_wconf 90' lang='lat' dir='ltr'>et</span> 
     </span>
     <span class='ocr_line' id='line_1_22' title="bbox 305 2581 1512 2669; baseline 0 -23"><span class='ocrx_word' id='word_1_184' title='bbox 305 2603 389 2646; x_wconf 91' lang='lat' dir='ltr'>nunc</span> <span class='ocrx_word' id='word_1_185' title='bbox 404 2605 501 2669; x_wconf 92' lang='lat' dir='ltr'>quum</span> <span class='ocrx_word' id='word_1_186' title='bbox 516 2583 652 2647; x_wconf 86' lang='lat' dir='ltr'>maxime</span> <span class='ocrx_word' id='word_1_187' title='bbox 666 2581 764 2660; x_wconf 83' lang='lat' dir='ltr'>lilium</span> <span class='ocrx_word' id='word_1_188' title='bbox 774 2581 977 2646; x_wconf 82' lang='lat' dir='ltr'>interfectum</span> <span class='ocrx_word' id='word_1_189' title='bbox 988 2581 1084 2667; x_wconf 84' lang='lat' dir='ltr'>cupit,</span> <span class='ocrx_word' id='word_1_190' title='bbox 1097 2583 1257 2667; x_wconf 83' lang='lat' dir='ltr'>singulare</span> <span class='ocrx_word' id='word_1_191' title='bbox 1271 2583 1375 2648; x_wconf 84' lang='lat' dir='ltr'>scelus</span> <span class='ocrx_word' id='word_1_192' title='bbox 1389 2584 1512 2668; x_wconf 90' lang='lat' dir='ltr'>majore</span> 
     </span>
     <span class='ocr_line' id='line_1_23' title="bbox 306 2679 1511 2765; baseline -0.003 -16"><span class='ocrx_word' id='word_1_193' title='bbox 306 2681 378 2749; x_wconf 89' lang='lat' dir='ltr'>odio</span> <span class='ocrx_word' id='word_1_194' title='bbox 390 2682 521 2765; x_wconf 87' lang='lat' dir='ltr'>dignum</span> <span class='ocrx_word' id='word_1_195' title='bbox 531 2703 601 2745; x_wconf 85' lang='lat' dir='ltr'>esse</span> <span class='ocrx_word' id='word_1_196' title='bbox 613 2679 845 2745; x_wconf 69' lang='lat' dir='ltr'>decede—Ea</span> <span class='ocrx_word' id='word_1_197' title='bbox 860 2679 958 2764; x_wconf 90' lang='lat' dir='ltr'>igitur</span> <span class='ocrx_word' id='word_1_198' title='bbox 966 2692 1070 2745; x_wconf 81' lang='lat' dir='ltr'>mater</span> <span class='ocrx_word' id='word_1_199' title='bbox 1076 2679 1200 2757; x_wconf 70' lang='lat' dir='ltr'>Habiti,</span> <span class='ocrx_word' id='word_1_200' title='bbox 1214 2681 1326 2745; x_wconf 87' lang='lat' dir='ltr'>Melini</span> <span class='ocrx_word' id='word_1_201' title='bbox 1341 2681 1423 2745; x_wconf 84' lang='lat' dir='ltr'>illius</span> <span class='ocrx_word' id='word_1_202' title='bbox 1433 2682 1511 2745; x_wconf 88' lang='lat' dir='ltr'>ado-</span> 
     </span>
     <span class='ocr_line' id='line_1_24' title="bbox 306 2778 1510 2865; baseline 0.002 -24"><span class='ocrx_word' id='word_1_203' title='bbox 306 2778 462 2857; x_wconf 86' lang='lat' dir='ltr'>lescentie,</span> <span class='ocrx_word' id='word_1_204' title='bbox 479 2779 587 2863; x_wconf 86' lang='lat' dir='ltr'>generi</span> <span class='ocrx_word' id='word_1_205' title='bbox 602 2780 661 2852; x_wconf 82' lang='lat' dir='ltr'>sui,</span> <span class='ocrx_word' id='word_1_206' title='bbox 677 2785 896 2862; x_wconf 80' lang='lat' dir='ltr'>contraquam</span> <span class='ocrx_word' id='word_1_207' title='bbox 908 2778 956 2841; x_wconf 83' lang='lat' dir='ltr'>fas</span> <span class='ocrx_word' id='word_1_208' title='bbox 968 2784 1154 2841; x_wconf 83' lang='lat' dir='ltr'>eratamore</span> <span class='ocrx_word' id='word_1_209' title='bbox 1166 2793 1269 2863; x_wconf 82' lang='lat' dir='ltr'>capte,</span> <span class='ocrx_word' id='word_1_210' title='bbox 1284 2778 1396 2863; x_wconf 74' lang='lat' dir='ltr'>primo,</span> <span class='ocrx_word' id='word_1_211' title='bbox 1406 2801 1510 2865; x_wconf 86' lang='lat' dir='ltr'>neque</span> 
     </span>
     <span class='ocr_line' id='line_1_25' title="bbox 307 2874 1510 2963; baseline 0.002 -24"><span class='ocrx_word' id='word_1_212' title='bbox 307 2876 338 2939; x_wconf 90' lang='lat' dir='ltr'>id</span> <span class='ocrx_word' id='word_1_213' title='bbox 354 2876 457 2961; x_wconf 88' lang='lat' dir='ltr'>ipsum</span> <span class='ocrx_word' id='word_1_214' title='bbox 472 2876 535 2951; x_wconf 83' lang='lat' dir='ltr'>diu,</span> <span class='ocrx_word' id='word_1_215' title='bbox 553 2874 789 2963; x_wconf 88' lang='lat' dir='ltr'>quoquomodo</span> <span class='ocrx_word' id='word_1_216' title='bbox 811 2880 939 2959; x_wconf 82' lang='lat' dir='ltr'>poteret</span> <span class='ocrx_word' id='word_1_217' title='bbox 953 2874 985 2936; x_wconf 93' lang='lat' dir='ltr'>in</span> <span class='ocrx_word' id='word_1_218' title='bbox 1000 2874 1053 2937; x_wconf 91' lang='lat' dir='ltr'>illa</span> <span class='ocrx_word' id='word_1_219' title='bbox 1074 2875 1248 2961; x_wconf 88' lang='lat' dir='ltr'>cupiditate</span> <span class='ocrx_word' id='word_1_220' title='bbox 1264 2877 1510 2952; x_wconf 82' lang='lat' dir='ltr'>continebatur;</span> 
     </span>
     <span class='ocr_line' id='line_1_26' title="bbox 307 2970 1512 3059; baseline 0.002 -22"><span class='ocrx_word' id='word_1_221' title='bbox 307 2975 420 3037; x_wconf 90' lang='lat' dir='ltr'>deinde</span> <span class='ocrx_word' id='word_1_222' title='bbox 435 2974 481 3037; x_wconf 81' lang='lat' dir='ltr'>ite</span> <span class='ocrx_word' id='word_1_223' title='bbox 495 2973 630 3059; x_wconf 82' lang='lat' dir='ltr'>flagrare</span> <span class='ocrx_word' id='word_1_224' title='bbox 652 2972 758 3057; x_wconf 89' lang='lat' dir='ltr'>coepit</span> <span class='ocrx_word' id='word_1_225' title='bbox 774 2970 924 3047; x_wconf 83' lang='lat' dir='ltr'>amentia,</span> <span class='ocrx_word' id='word_1_226' title='bbox 934 2971 986 3038; x_wconf 70' lang='lat' dir='ltr'>‚sic</span> <span class='ocrx_word' id='word_1_227' title='bbox 1006 2971 1202 3037; x_wconf 80' lang='lat' dir='ltr'>inflammato</span> <span class='ocrx_word' id='word_1_228' title='bbox 1214 2973 1289 3037; x_wconf 85' lang='lat' dir='ltr'>ferri</span> <span class='ocrx_word' id='word_1_229' title='bbox 1311 2975 1448 3051; x_wconf 83' lang='lat' dir='ltr'>libidine,</span> <span class='ocrx_word' id='word_1_230' title='bbox 1472 2984 1512 3040; x_wconf 88' lang='lat' dir='ltr'>ut</span> 
     </span>
     <span class='ocr_line' id='line_1_27' title="bbox 307 3066 1511 3156; baseline 0 -21"><span class='ocrx_word' id='word_1_231' title='bbox 307 3092 376 3135; x_wconf 84' lang='lat' dir='ltr'>earn</span> <span class='ocrx_word' id='word_1_232' title='bbox 391 3092 454 3135; x_wconf 92' lang='lat' dir='ltr'>uon</span> <span class='ocrx_word' id='word_1_233' title='bbox 470 3072 580 3156; x_wconf 87' lang='lat' dir='ltr'>pudor,</span> <span class='ocrx_word' id='word_1_234' title='bbox 596 3090 659 3133; x_wconf 92' lang='lat' dir='ltr'>non</span> <span class='ocrx_word' id='word_1_235' title='bbox 674 3066 838 3153; x_wconf 82' lang='lat' dir='ltr'>pudicitia,</span> <span class='ocrx_word' id='word_1_236' title='bbox 854 3089 916 3130; x_wconf 91' lang='lat' dir='ltr'>non</span> <span class='ocrx_word' id='word_1_237' title='bbox 932 3068 1046 3153; x_wconf 86' lang='lat' dir='ltr'>pietas,</span> <span class='ocrx_word' id='word_1_238' title='bbox 1061 3089 1125 3132; x_wconf 93' lang='lat' dir='ltr'>non</span> <span class='ocrx_word' id='word_1_239' title='bbox 1146 3070 1270 3135; x_wconf 91' lang='lat' dir='ltr'>macula</span> <span class='ocrx_word' id='word_1_240' title='bbox 1284 3072 1429 3151; x_wconf 87' lang='lat' dir='ltr'>familiae,</span> <span class='ocrx_word' id='word_1_241' title='bbox 1445 3092 1511 3136; x_wconf 92' lang='lat' dir='ltr'>non</span> 
     </span>
     <span class='ocr_line' id='line_1_28' title="bbox 306 3164 1511 3254; baseline 0.001 -22"><span class='ocrx_word' id='word_1_242' title='bbox 306 3166 467 3232; x_wconf 88' lang='lat' dir='ltr'>hominurn</span> <span class='ocrx_word' id='word_1_243' title='bbox 481 3169 574 3241; x_wconf 83' lang='lat' dir='ltr'>seme,</span> <span class='ocrx_word' id='word_1_244' title='bbox 590 3188 653 3229; x_wconf 93' lang='lat' dir='ltr'>non</span> <span class='ocrx_word' id='word_1_245' title='bbox 668 3165 724 3228; x_wconf 89' lang='lat' dir='ltr'>filii</span> <span class='ocrx_word' id='word_1_246' title='bbox 747 3164 846 3241; x_wconf 89' lang='lat' dir='ltr'>dolor,</span> <span class='ocrx_word' id='word_1_247' title='bbox 863 3186 927 3228; x_wconf 92' lang='lat' dir='ltr'>non</span> <span class='ocrx_word' id='word_1_248' title='bbox 941 3166 1025 3229; x_wconf 84' lang='lat' dir='ltr'>filiae</span> <span class='ocrx_word' id='word_1_249' title='bbox 1039 3189 1166 3232; x_wconf 88' lang='lat' dir='ltr'>maeror</span> <span class='ocrx_word' id='word_1_250' title='bbox 1183 3190 1204 3230; x_wconf 88' lang='lat' dir='ltr'>a</span> <span class='ocrx_word' id='word_1_251' title='bbox 1223 3169 1401 3254; x_wconf 81' lang='lat' dir='ltr'>cupiditate</span> <span class='ocrx_word' id='word_1_252' title='bbox 1419 3192 1511 3234; x_wconf 86' lang='lat' dir='ltr'>revo-</span> 
     </span>
     <span class='ocr_line' id='line_1_29' title="bbox 308 3261 1508 3345; baseline 0.002 -15"><span class='ocrx_word' id='word_1_253' title='bbox 308 3272 405 3330; x_wconf 87' lang='lat' dir='ltr'>caret.</span> <span class='ocrx_word' id='word_1_254' title='bbox 451 3263 602 3327; x_wconf 88' lang='lat' dir='ltr'>Animum</span> <span class='ocrx_word' id='word_1_255' title='bbox 617 3261 837 3339; x_wconf 83' lang='lat' dir='ltr'>adolescentis,</span> <span class='ocrx_word' id='word_1_256' title='bbox 850 3262 991 3326; x_wconf 90' lang='lat' dir='ltr'>nondum</span> <span class='ocrx_word' id='word_1_257' title='bbox 1001 3264 1130 3329; x_wconf 90' lang='lat' dir='ltr'>consilio</span> <span class='ocrx_word' id='word_1_258' title='bbox 1145 3287 1184 3331; x_wconf 91' lang='lat' dir='ltr'>ac</span> <span class='ocrx_word' id='word_1_259' title='bbox 1198 3266 1322 3331; x_wconf 88' lang='lat' dir='ltr'>ratione</span> <span class='ocrx_word' id='word_1_260' title='bbox 1336 3266 1508 3345; x_wconf 86' lang='lat' dir='ltr'>firmatum,</span> 
     </span>
    </p>
   </div>
   <div class='ocr_carea' id='block_1_3' title="bbox 307 3434 1514 4593">
    <p class='ocr_par' dir='ltr' id='par_1_4' title="bbox 307 3434 1513 3951">
     <span class='ocr_line' id='line_1_30' title="bbox 339 3434 1509 3497; baseline 0.001 -13"><span class='ocrx_word' id='word_1_261' title='bbox 339 3440 364 3484; x_wconf 76' lang='lat' dir='ltr'>h.</span> <span class='ocrx_word' id='word_1_262' title='bbox 374 3434 451 3497; x_wconf 67' lang='lat' dir='ltr'>suit]</span> <span class='ocrx_word' id='word_1_263' title='bbox 477 3434 568 3482; x_wconf 78' lang='lat' dir='ltr'>Ihave</span> <span class='ocrx_word' id='word_1_264' title='bbox 584 3434 643 3497; x_wconf 82' lang='lat' dir='ltr'>kept</span> <span class='ocrx_word' id='word_1_265' title='bbox 659 3434 702 3483; x_wconf 84' lang='lat' dir='ltr'>the</span> <span class='ocrx_word' id='word_1_266' title='bbox 718 3448 812 3481; x_wconf 81' lang='lat' dir='ltr'>comme</span> <span class='ocrx_word' id='word_1_267' title='bbox 829 3434 891 3482; x_wconf 73' lang='lat' dir='ltr'>ulter</span> <span class='ocrx_word' id='word_1_268' title='bbox 924 3436 1057 3492; x_wconf 60' lang='lat' dir='ltr'>reims</span> <span class='ocrx_word' id='word_1_269' title='bbox 1075 3436 1173 3497; x_wconf 82' lang='lat' dir='ltr'>“hujus</span> <span class='ocrx_word' id='word_1_270' title='bbox 1183 3438 1509 3486; x_wconf 73' lang='lat' dir='ltr'>mendicituaariditntecon-</span> 
     </span>
     <span class='ocr_line' id='line_1_31' title="bbox 308 3498 1509 3560; baseline 0.001 -12"><span class='ocrx_word' id='word_1_271' title='bbox 308 3500 386 3548; x_wconf 71' lang='lat' dir='ltr'>‘luit&#39;</span> <span class='ocrx_word' id='word_1_272' title='bbox 420 3500 519 3547; x_wconf 74' lang='lat' dir='ltr'>Classen</span> <span class='ocrx_word' id='word_1_273' title='bbox 536 3500 608 3547; x_wconf 83' lang='lat' dir='ltr'>omits</span> <span class='ocrx_word' id='word_1_274' title='bbox 626 3501 654 3546; x_wconf 88' lang='lat' dir='ltr'>it.</span> <span class='ocrx_word' id='word_1_275' title='bbox 687 3498 740 3546; x_wconf 87' lang='lat' dir='ltr'>The</span> <span class='ocrx_word' id='word_1_276' title='bbox 759 3500 892 3547; x_wconf 84' lang='lat' dir='ltr'>commsir</span> <span class='ocrx_word' id='word_1_277' title='bbox 921 3500 1509 3560; x_wconf 72' lang='lat' dir='ltr'>juncta;”undDeOr.i.t&#39;l.-⁴iuomnioenasez&#39;</span> 
     </span>
     <span class='ocr_line' id='line_1_32' title="bbox 307 3564 1509 3627; baseline 0.002 -15"><span class='ocrx_word' id='word_1_278' title='bbox 307 3564 336 3613; x_wconf 81' lang='lat' dir='ltr'>cl</span> <span class='ocrx_word' id='word_1_279' title='bbox 350 3579 383 3611; x_wconf 90' lang='lat' dir='ltr'>no</span> <span class='ocrx_word' id='word_1_280' title='bbox 398 3578 448 3620; x_wconf 82' lang='lat' dir='ltr'>use,</span> <span class='ocrx_word' id='word_1_281' title='bbox 465 3568 552 3625; x_wconf 82' lang='lat' dir='ltr'>except</span> <span class='ocrx_word' id='word_1_282' title='bbox 569 3570 595 3612; x_wconf 93' lang='lat' dir='ltr'>to</span> <span class='ocrx_word' id='word_1_283' title='bbox 614 3569 740 3626; x_wconf 83' lang='lat' dir='ltr'>preventa</span> <span class='ocrx_word' id='word_1_284' title='bbox 755 3577 810 3610; x_wconf 84' lang='lat' dir='ltr'>man</span> <span class='ocrx_word' id='word_1_285' title='bbox 828 3564 891 3610; x_wconf 87' lang='lat' dir='ltr'>from</span> <span class='ocrx_word' id='word_1_286' title='bbox 923 3565 977 3612; x_wconf 74' lang='lat' dir='ltr'>&#39;l&#39;he</span> <span class='ocrx_word' id='word_1_287' title='bbox 995 3580 1107 3613; x_wconf 81' lang='lat' dir='ltr'>common</span> <span class='ocrx_word' id='word_1_288' title='bbox 1119 3567 1220 3627; x_wconf 80' lang='lat' dir='ltr'>reading</span> <span class='ocrx_word' id='word_1_289' title='bbox 1234 3568 1256 3614; x_wconf 86' lang='lat' dir='ltr'>ie</span> <span class='ocrx_word' id='word_1_290' title='bbox 1272 3568 1393 3615; x_wconf 81' lang='lat' dir='ltr'>‘neminie</span> <span class='ocrx_word' id='word_1_291' title='bbox 1406 3565 1509 3614; x_wconf 65' lang='lat' dir='ltr'>caum!</span> 
     </span>
     <span class='ocr_line' id='line_1_33' title="bbox 307 3628 1510 3689; baseline 0.002 -12"><span class='ocrx_word' id='word_1_292' title='bbox 307 3629 458 3689; x_wconf 75' lang='lat' dir='ltr'>translating,</span> <span class='ocrx_word' id='word_1_293' title='bbox 476 3634 491 3656; x_wconf 87' lang='lat'>‘¹</span> <span class='ocrx_word' id='word_1_294' title='bbox 501 3630 532 3677; x_wconf 79' lang='lat' dir='ltr'>A.</span> <span class='ocrx_word' id='word_1_295' title='bbox 550 3629 675 3677; x_wconf 86' lang='lat' dir='ltr'>Cluentius</span> <span class='ocrx_word' id='word_1_296' title='bbox 692 3642 739 3675; x_wconf 80' lang='lat' dir='ltr'>uae</span> <span class='ocrx_word' id='word_1_297' title='bbox 756 3628 805 3675; x_wconf 82' lang='lat' dir='ltr'>this</span> <span class='ocrx_word' id='word_1_298' title='bbox 815 3628 893 3675; x_wconf 65' lang='grc' dir='ltr'>ω’·</span> <span class='ocrx_word' id='word_1_299' title='bbox 925 3630 975 3677; x_wconf 84' lang='lat' dir='ltr'>But</span> <span class='ocrx_word' id='word_1_300' title='bbox 997 3632 1023 3677; x_wconf 86' lang='lat' dir='ltr'>S.</span> <span class='ocrx_word' id='word_1_301' title='bbox 1045 3630 1074 3677; x_wconf 84' lang='lat' dir='ltr'>T.</span> <span class='ocrx_word' id='word_1_302' title='bbox 1092 3630 1153 3678; x_wconf 77' lang='lat' dir='ltr'>here</span> <span class='ocrx_word' id='word_1_303' title='bbox 1181 3633 1222 3678; x_wconf 81' lang='lat' dir='ltr'>&#39;iu</span> <span class='ocrx_word' id='word_1_304' title='bbox 1245 3633 1313 3679; x_wconf 88' lang='lat' dir='ltr'>omui</span> <span class='ocrx_word' id='word_1_305' title='bbox 1334 3632 1442 3689; x_wconf 53' lang='grc' dir='ltr'>απαξ</span> <span class='ocrx_word' id='word_1_306' title='bbox 1459 3632 1510 3679; x_wconf 77' lang='lat' dir='ltr'>end</span> 
     </span>
     <span class='ocr_line' id='line_1_34' title="bbox 308 3692 1511 3757; baseline 0.002 -16"><span class='ocrx_word' id='word_1_307' title='bbox 308 3692 411 3742; x_wconf 77' lang='lat' dir='ltr'>lether.”</span> <span class='ocrx_word' id='word_1_308' title='bbox 434 3694 459 3741; x_wconf 89' lang='lat' dir='ltr'>It</span> <span class='ocrx_word' id='word_1_309' title='bbox 470 3708 553 3741; x_wconf 77' lang='lat' dir='ltr'>menna</span> <span class='ocrx_word' id='word_1_310' title='bbox 564 3693 667 3741; x_wconf 81' lang='lat' dir='ltr'>“There</span> <span class='ocrx_word' id='word_1_311' title='bbox 677 3708 725 3739; x_wconf 78' lang='lat' dir='ltr'>was</span> <span class='ocrx_word' id='word_1_312' title='bbox 736 3707 782 3739; x_wconf 89' lang='lat' dir='ltr'>cue</span> <span class='ocrx_word' id='word_1_313' title='bbox 793 3692 823 3739; x_wconf 77' lang='grc' dir='ltr'>Α.</span> <span class='ocrx_word' id='word_1_314' title='bbox 836 3692 894 3741; x_wconf 89' lang='lat' dir='ltr'>Clu·</span> <span class='ocrx_word' id='word_1_315' title='bbox 927 3694 1059 3741; x_wconf 69' lang='lat' dir='ltr'>lambiens</span> <span class='ocrx_word' id='word_1_316' title='bbox 1065 3694 1176 3742; x_wconf 74' lang='lat' dir='ltr'>followed</span> <span class='ocrx_word' id='word_1_317' title='bbox 1186 3696 1234 3743; x_wconf 84' lang='lat' dir='ltr'>thie</span> <span class='ocrx_word' id='word_1_318' title='bbox 1240 3696 1347 3757; x_wconf 75' lang='lat' dir='ltr'>reading.</span> <span class='ocrx_word' id='word_1_319' title='bbox 1379 3696 1511 3745; x_wconf 74' lang='lat' dir='ltr'>Theother</span> 
     </span>
     <span class='ocr_line' id='line_1_35' title="bbox 307 3756 1470 3820; baseline 0.001 -13"><span class='ocrx_word' id='word_1_320' title='bbox 307 3760 396 3815; x_wconf 83' lang='lat' dir='ltr'>entius,</span> <span class='ocrx_word' id='word_1_321' title='bbox 407 3758 449 3806; x_wconf 80' lang='lat' dir='ltr'>the</span> <span class='ocrx_word' id='word_1_322' title='bbox 460 3759 539 3807; x_wconf 84' lang='lat' dir='ltr'>father</span> <span class='ocrx_word' id='word_1_323' title='bbox 552 3758 579 3806; x_wconf 81' lang='lat' dir='ltr'>cl</span> <span class='ocrx_word' id='word_1_324' title='bbox 594 3774 635 3820; x_wconf 83' lang='lat' dir='ltr'>my</span> <span class='ocrx_word' id='word_1_325' title='bbox 646 3758 719 3805; x_wconf 85' lang='lat' dir='ltr'>client</span> <span class='ocrx_word' id='word_1_326' title='bbox 730 3756 813 3805; x_wconf 84' lang='lat' dir='ltr'>herc.’&#39;</span> <span class='ocrx_word' id='word_1_327' title='bbox 849 3758 895 3805; x_wconf 86' lang='lat' dir='ltr'>See</span> <span class='ocrx_word' id='word_1_328' title='bbox 926 3758 1000 3806; x_wconf 65' lang='lat' dir='ltr'>MSS</span> <span class='ocrx_word' id='word_1_329' title='bbox 1012 3774 1053 3807; x_wconf 86' lang='lat' dir='ltr'>ara</span> <span class='ocrx_word' id='word_1_330' title='bbox 1064 3760 1114 3806; x_wconf 78' lang='lat' dir='ltr'>reid</span> <span class='ocrx_word' id='word_1_331' title='bbox 1125 3766 1152 3807; x_wconf 87' lang='lat' dir='ltr'>to</span> <span class='ocrx_word' id='word_1_332' title='bbox 1162 3760 1224 3807; x_wconf 85' lang='lat' dir='ltr'>here</span> <span class='ocrx_word' id='word_1_333' title='bbox 1235 3766 1241 3787; x_wconf 76' lang='lat'><em>⁶</em></span> <span class='ocrx_word' id='word_1_334' title='bbox 1254 3762 1358 3808; x_wconf 80' lang='lat' dir='ltr'>nominis</span> <span class='ocrx_word' id='word_1_335' title='bbox 1369 3760 1470 3808; x_wconf 65' lang='lat' dir='ltr'>ceum’</span> 
     </span>
     <span class='ocr_line' id='line_1_36' title="bbox 309 3820 1513 3887; baseline 0.003 -18"><span class='ocrx_word' id='word_1_336' title='bbox 309 3824 393 3871; x_wconf 86' lang='lat' dir='ltr'>v01.l.</span> <span class='ocrx_word' id='word_1_337' title='bbox 407 3824 516 3871; x_wconf 80' lang='lat' dir='ltr'>Divino.</span> <span class='ocrx_word' id='word_1_338' title='bbox 529 3826 567 3881; x_wconf 84' lang='lat'>17,</span> <span class='ocrx_word' id='word_1_339' title='bbox 579 3822 811 3871; x_wconf 80' lang='lat' dir='ltr'>ucte.—‘Luriuatia</span> <span class='ocrx_word' id='word_1_340' title='bbox 820 3820 836 3869; x_wconf 74' lang='grc' dir='ltr'>ι’</span> <span class='ocrx_word' id='word_1_341' title='bbox 853 3837 895 3870; x_wconf 80' lang='lat' dir='ltr'>see</span> <span class='ocrx_word' id='word_1_342' title='bbox 958 3824 1183 3887; x_wconf 68' lang='lat' dir='ltr'>indulgentiusque]</span> <span class='ocrx_word' id='word_1_343' title='bbox 1218 3825 1294 3885; x_wconf 69' lang='lat' dir='ltr'>Many</span> <span class='ocrx_word' id='word_1_344' title='bbox 1306 3825 1379 3872; x_wconf 63' lang='lat' dir='ltr'>latin</span> <span class='ocrx_word' id='word_1_345' title='bbox 1395 3826 1469 3873; x_wconf 78' lang='lat' dir='ltr'>forme</span> <span class='ocrx_word' id='word_1_346' title='bbox 1483 3826 1513 3872; x_wconf 74' lang='lat' dir='ltr'>oi</span> 
     </span>
     <span class='ocr_line' id='line_1_37' title="bbox 307 3888 1511 3951; baseline 0.001 -15"><span class='ocrx_word' id='word_1_347' title='bbox 307 3889 350 3937; x_wconf 87' lang='lat' dir='ltr'>the</span> <span class='ocrx_word' id='word_1_348' title='bbox 361 3888 537 3936; x_wconf 72' lang='lat' dir='ltr'>introduc-tion,</span> <span class='ocrx_word' id='word_1_349' title='bbox 925 3888 1064 3949; x_wconf 75' lang='lat' dir='ltr'>expression</span> <span class='ocrx_word' id='word_1_350' title='bbox 1074 3894 1163 3935; x_wconf 70' lang='lat' dir='ltr'>munet</span> <span class='ocrx_word' id='word_1_351' title='bbox 1173 3888 1353 3937; x_wconf 66' lang='lat' dir='ltr'>hemmae</span> <span class='ocrx_word' id='word_1_352' title='bbox 1378 3890 1511 3951; x_wconf 76' lang='lat' dir='ltr'>ilespeeln</span> 
     </span>
    </p>

    <p class='ocr_par' dir='ltr' id='par_1_5' title="bbox 307 3950 1514 4517">
     <span class='ocr_line' id='line_1_38' title="bbox 340 3950 1513 4016; baseline 0 -15"><span class='ocrx_word' id='word_1_353' title='bbox 340 3954 495 4014; x_wconf 68' lang='lat' dir='ltr'>tornotrinse]</span> <span class='ocrx_word' id='word_1_354' title='bbox 527 3950 719 4000; x_wconf 79' lang='lat' dir='ltr'>‘Consobrinus’</span> <span class='ocrx_word' id='word_1_355' title='bbox 731 3950 753 3998; x_wconf 85' lang='lat' dir='ltr'>is</span> <span class='ocrx_word' id='word_1_356' title='bbox 765 3954 893 3999; x_wconf 82' lang='lat' dir='ltr'>‘comoro-</span> <span class='ocrx_word' id='word_1_357' title='bbox 926 3952 954 3998; x_wconf 79' lang='lat' dir='ltr'>ol</span> <span class='ocrx_word' id='word_1_358' title='bbox 967 3952 1011 3999; x_wconf 88' lang='lat' dir='ltr'>the</span> <span class='ocrx_word' id='word_1_359' title='bbox 1029 3967 1086 4014; x_wconf 80' lang='lat' dir='ltr'>very</span> <span class='ocrx_word' id='word_1_360' title='bbox 1103 3966 1174 4000; x_wconf 86' lang='lat' dir='ltr'>name</span> <span class='ocrx_word' id='word_1_361' title='bbox 1186 3953 1214 3999; x_wconf 75' lang='lat' dir='ltr'>oi</span> <span class='ocrx_word' id='word_1_362' title='bbox 1230 3954 1326 4001; x_wconf 83' lang='lat' dir='ltr'>mother</span> <span class='ocrx_word' id='word_1_363' title='bbox 1339 3954 1412 4016; x_wconf 83' lang='lat' dir='ltr'>being</span> <span class='ocrx_word' id='word_1_364' title='bbox 1430 3954 1513 4015; x_wconf 79' lang='lat' dir='ltr'>leving</span> 
     </span>
     <span class='ocr_line' id='line_1_39' title="bbox 307 4014 1511 4081; baseline 0 -16"><span class='ocrx_word' id='word_1_365' title='bbox 307 4018 391 4065; x_wconf 68' lang='lat' dir='ltr'>rinus!</span> <span class='ocrx_word' id='word_1_366' title='bbox 426 4017 622 4072; x_wconf 80' lang='lat' dir='ltr'>“Consobrinua,</span> <span class='ocrx_word' id='word_1_367' title='bbox 643 4014 793 4071; x_wconf 84' lang='lat' dir='ltr'>consobrina,</span> <span class='ocrx_word' id='word_1_368' title='bbox 810 4015 834 4062; x_wconf 92' lang='lat' dir='ltr'>id</span> <span class='ocrx_word' id='word_1_369' title='bbox 856 4021 896 4062; x_wconf 82' lang='lat' dir='ltr'>eet</span> <span class='ocrx_word' id='word_1_370' title='bbox 925 4016 974 4063; x_wconf 84' lang='lat' dir='ltr'>und</span> <span class='ocrx_word' id='word_1_371' title='bbox 990 4016 1125 4076; x_wconf 86' lang='lat' dir='ltr'>indulgent,</span> <span class='ocrx_word' id='word_1_372' title='bbox 1137 4016 1170 4079; x_wconf 75' lang='lat' dir='ltr'>by</span> <span class='ocrx_word' id='word_1_373' title='bbox 1180 4017 1257 4064; x_wconf 77' lang='lat' dir='ltr'>which</span> <span class='ocrx_word' id='word_1_374' title='bbox 1273 4018 1305 4065; x_wconf 88' lang='lat' dir='ltr'>ha</span> <span class='ocrx_word' id='word_1_375' title='bbox 1321 4033 1406 4067; x_wconf 72' lang='lat' dir='ltr'>menna</span> <span class='ocrx_word' id='word_1_376' title='bbox 1422 4024 1449 4065; x_wconf 86' lang='lat' dir='ltr'>tc</span> <span class='ocrx_word' id='word_1_377' title='bbox 1467 4034 1511 4081; x_wconf 74' lang='lat' dir='ltr'>aoy</span> 
     </span>
     <span class='ocr_line' id='line_1_40' title="bbox 307 4080 1512 4144; baseline 0.001 -14"><span class='ocrx_word' id='word_1_378' title='bbox 307 4082 350 4144; x_wconf 85' lang='lat' dir='ltr'>qui</span> <span class='ocrx_word' id='word_1_379' title='bbox 366 4096 456 4143; x_wconf 65' lang='lat' dir='ltr'>quaeve</span> <span class='ocrx_word' id='word_1_380' title='bbox 473 4096 501 4129; x_wconf 83' lang='lat' dir='ltr'>ex</span> <span class='ocrx_word' id='word_1_381' title='bbox 513 4081 626 4128; x_wconf 79' lang='lat' dir='ltr'>fratribus</span> <span class='ocrx_word' id='word_1_382' title='bbox 643 4086 686 4127; x_wconf 83' lang='lat' dir='ltr'>aut</span> <span class='ocrx_word' id='word_1_383' title='bbox 701 4080 822 4127; x_wconf 78' lang='lat' dir='ltr'>sororibus</span> <span class='ocrx_word' id='word_1_384' title='bbox 837 4094 893 4141; x_wconf 85' lang='lat' dir='ltr'>pro-</span> <span class='ocrx_word' id='word_1_385' title='bbox 925 4080 979 4127; x_wconf 81' lang='lat' dir='ltr'>that</span> <span class='ocrx_word' id='word_1_386' title='bbox 989 4096 1004 4127; x_wconf 78' lang='lat' dir='ltr'>a</span> <span class='ocrx_word' id='word_1_387' title='bbox 1015 4081 1110 4128; x_wconf 82' lang='lat' dir='ltr'>mot-her</span> <span class='ocrx_word' id='word_1_388' title='bbox 1125 4082 1146 4129; x_wconf 80' lang='lat' dir='ltr'>ia</span> <span class='ocrx_word' id='word_1_389' title='bbox 1162 4083 1244 4143; x_wconf 85' lang='lat' dir='ltr'>leving</span> <span class='ocrx_word' id='word_1_390' title='bbox 1255 4082 1304 4129; x_wconf 79' lang='lat' dir='ltr'>and</span> <span class='ocrx_word' id='word_1_391' title='bbox 1318 4083 1453 4144; x_wconf 83' lang='lat' dir='ltr'>indulgent,</span> <span class='ocrx_word' id='word_1_392' title='bbox 1463 4083 1512 4131; x_wconf 78' lang='lat' dir='ltr'>end</span> 
     </span>
     <span class='ocr_line' id='line_1_41' title="bbox 307 4144 1509 4208; baseline 0.002 -17"><span class='ocrx_word' id='word_1_393' title='bbox 307 4153 466 4207; x_wconf 78' lang='lat' dir='ltr'>generentur:</span> <span class='ocrx_word' id='word_1_394' title='bbox 484 4146 525 4193; x_wconf 80' lang='lat' dir='ltr'>sed</span> <span class='ocrx_word' id='word_1_395' title='bbox 543 4145 638 4208; x_wconf 84' lang='lat' dir='ltr'>quidem</span> <span class='ocrx_word' id='word_1_396' title='bbox 655 4148 721 4192; x_wconf 82' lang='lat' dir='ltr'>reete</span> <span class='ocrx_word' id='word_1_397' title='bbox 738 4144 894 4191; x_wconf 80' lang='lat' dir='ltr'>consobrinos</span> <span class='ocrx_word' id='word_1_398' title='bbox 926 4145 979 4191; x_wconf 83' lang='lat' dir='ltr'>that</span> <span class='ocrx_word' id='word_1_399' title='bbox 998 4145 1040 4191; x_wconf 86' lang='lat' dir='ltr'>the</span> <span class='ocrx_word' id='word_1_400' title='bbox 1056 4144 1113 4192; x_wconf 80' lang='lat' dir='ltr'>here</span> <span class='ocrx_word' id='word_1_401' title='bbox 1132 4147 1240 4193; x_wconf 83' lang='lat' dir='ltr'>mention</span> <span class='ocrx_word' id='word_1_402' title='bbox 1261 4146 1289 4193; x_wconf 79' lang='lat' dir='ltr'>cf</span> <span class='ocrx_word' id='word_1_403' title='bbox 1305 4148 1348 4194; x_wconf 85' lang='lat' dir='ltr'>the</span> <span class='ocrx_word' id='word_1_404' title='bbox 1364 4162 1435 4194; x_wconf 82' lang='lat' dir='ltr'>name</span> <span class='ocrx_word' id='word_1_405' title='bbox 1454 4162 1509 4207; x_wconf 82' lang='lat' dir='ltr'>sug·</span> 
     </span>
     <span class='ocr_line' id='line_1_42' title="bbox 307 4208 1512 4272; baseline 0 -15"><span class='ocrx_word' id='word_1_406' title='bbox 307 4225 348 4257; x_wconf 82' lang='lat' dir='ltr'>eos</span> <span class='ocrx_word' id='word_1_407' title='bbox 360 4212 454 4271; x_wconf 86' lang='lat' dir='ltr'>proprie</span> <span class='ocrx_word' id='word_1_408' title='bbox 466 4217 552 4271; x_wconf 87' lang='lat' dir='ltr'>putent</span> <span class='ocrx_word' id='word_1_409' title='bbox 560 4210 615 4266; x_wconf 87' lang='lat' dir='ltr'>dici,</span> <span class='ocrx_word' id='word_1_410' title='bbox 623 4210 665 4271; x_wconf 89' lang='lat' dir='ltr'>qui</span> <span class='ocrx_word' id='word_1_411' title='bbox 676 4224 705 4255; x_wconf 80' lang='lat' dir='ltr'>ex</span> <span class='ocrx_word' id='word_1_412' title='bbox 714 4208 806 4255; x_wconf 85' lang='lat' dir='ltr'>dunbus</span> <span class='ocrx_word' id='word_1_413' title='bbox 814 4222 894 4254; x_wconf 87' lang='lat' dir='ltr'>soror·</span> <span class='ocrx_word' id='word_1_414' title='bbox 926 4216 991 4270; x_wconf 80' lang='lat' dir='ltr'>gaeta</span> <span class='ocrx_word' id='word_1_415' title='bbox 1010 4210 1053 4255; x_wconf 92' lang='lat' dir='ltr'>her</span> <span class='ocrx_word' id='word_1_416' title='bbox 1070 4211 1223 4258; x_wconf 75' lang='lat' dir='ltr'>allectionem</span> <span class='ocrx_word' id='word_1_417' title='bbox 1240 4212 1330 4272; x_wconf 83' lang='lat' dir='ltr'>feeling</span> <span class='ocrx_word' id='word_1_418' title='bbox 1346 4221 1374 4259; x_wconf 80' lang='lat' dir='ltr'>ro</span> <span class='ocrx_word' id='word_1_419' title='bbox 1390 4212 1434 4258; x_wconf 85' lang='lat' dir='ltr'>her</span> <span class='ocrx_word' id='word_1_420' title='bbox 1451 4211 1512 4259; x_wconf 87' lang='lat' dir='ltr'>chil-</span> 
     </span>
     <span class='ocr_line' id='line_1_43' title="bbox 307 4270 1513 4337; baseline 0.002 -16"><span class='ocrx_word' id='word_1_421' title='bbox 307 4274 361 4321; x_wconf 81' lang='lat' dir='ltr'>ibue</span> <span class='ocrx_word' id='word_1_422' title='bbox 388 4280 584 4336; x_wconf 82' lang='lat' dir='ltr'>progenerantur.</span> <span class='ocrx_word' id='word_1_423' title='bbox 607 4274 674 4335; x_wconf 71' lang='lat' dir='ltr'>quasi</span> <span class='ocrx_word' id='word_1_424' title='bbox 702 4272 867 4319; x_wconf 84' lang='lat' dir='ltr'>consororinos</span> <span class='ocrx_word' id='word_1_425' title='bbox 877 4270 892 4295; x_wconf 85' lang='lat'>&#39;&#39;</span> <span class='ocrx_word' id='word_1_426' title='bbox 926 4274 993 4320; x_wconf 89' lang='lat' dir='ltr'>dren.</span> <span class='ocrx_word' id='word_1_427' title='bbox 1026 4274 1073 4321; x_wconf 88' lang='lat' dir='ltr'>We</span> <span class='ocrx_word' id='word_1_428' title='bbox 1084 4275 1144 4322; x_wconf 83' lang='lat' dir='ltr'>hare</span> <span class='ocrx_word' id='word_1_429' title='bbox 1160 4275 1513 4337; x_wconf 77' lang='lat' dir='ltr'>admitted‘iudulgeue&#39;iuio</span> 
     </span>
     <span class='ocr_line' id='line_1_44' title="bbox 309 4336 1514 4401; baseline 0.002 -16"><span class='ocrx_word' id='word_1_430' title='bbox 309 4338 409 4400; x_wconf 84' lang='lat' dir='ltr'>(Juetiu.</span> <span class='ocrx_word' id='word_1_431' title='bbox 423 4339 484 4385; x_wconf 86' lang='lat' dir='ltr'>lnst.</span> <span class='ocrx_word' id='word_1_432' title='bbox 496 4340 529 4385; x_wconf 86' lang='lat' dir='ltr'>iii.</span> <span class='ocrx_word' id='word_1_433' title='bbox 546 4339 595 4386; x_wconf 81' lang='lat' dir='ltr'>Tit.</span> <span class='ocrx_word' id='word_1_434' title='bbox 607 4336 643 4401; x_wconf 80' lang='lat' dir='ltr'>c).</span> <span class='ocrx_word' id='word_1_435' title='bbox 677 4337 730 4384; x_wconf 83' lang='lat' dir='ltr'>The</span> <span class='ocrx_word' id='word_1_436' title='bbox 747 4336 854 4384; x_wconf 86' lang='lat' dir='ltr'>children</span> <span class='ocrx_word' id='word_1_437' title='bbox 868 4336 897 4383; x_wconf 75' lang='lat' dir='ltr'>of</span> <span class='ocrx_word' id='word_1_438' title='bbox 926 4353 972 4385; x_wconf 88' lang='lat' dir='ltr'>our</span> <span class='ocrx_word' id='word_1_439' title='bbox 981 4338 1105 4399; x_wconf 80' lang='lat' dir='ltr'>lunguege,</span> <span class='ocrx_word' id='word_1_440' title='bbox 1116 4340 1165 4386; x_wconf 81' lang='lat' dir='ltr'>aud</span> <span class='ocrx_word' id='word_1_441' title='bbox 1175 4354 1212 4386; x_wconf 75' lang='lat' dir='ltr'>ue</span> <span class='ocrx_word' id='word_1_442' title='bbox 1222 4340 1283 4387; x_wconf 80' lang='lat' dir='ltr'>have</span> <span class='ocrx_word' id='word_1_443' title='bbox 1298 4354 1331 4387; x_wconf 90' lang='lat' dir='ltr'>uo</span> <span class='ocrx_word' id='word_1_444' title='bbox 1346 4341 1459 4401; x_wconf 75' lang='lat' dir='ltr'>monning</span> <span class='ocrx_word' id='word_1_445' title='bbox 1473 4340 1514 4387; x_wconf 78' lang='lat' dir='ltr'>for</span> 
     </span>
     <span class='ocr_line' id='line_1_45' title="bbox 307 4400 1512 4513; baseline 0.005 -65"><span class='ocrx_word' id='word_1_446' title='bbox 307 4401 418 4513; x_wconf 49' lang='lat' dir='ltr'>bro&#39;ltlherls</span> <span class='ocrx_word' id='word_1_447' title='bbox 428 4404 476 4450; x_wconf 79' lang='lat' dir='ltr'>end</span> <span class='ocrx_word' id='word_1_448' title='bbox 487 4404 569 4451; x_wconf 78' lang='lat' dir='ltr'>sister-s</span> <span class='ocrx_word' id='word_1_449' title='bbox 579 4402 651 4450; x_wconf 84' lang='lat' dir='ltr'>could</span> <span class='ocrx_word' id='word_1_450' title='bbox 665 4402 807 4462; x_wconf 77' lang='lat' dir='ltr'>intermuny</span> <span class='ocrx_word' id='word_1_451' title='bbox 819 4400 893 4463; x_wconf 79' lang='lat' dir='ltr'>(luat.</span> <span class='ocrx_word' id='word_1_452' title='bbox 925 4403 1046 4513; x_wconf 53' lang='lat' dir='ltr'>ffiuoept</span> <span class='ocrx_word' id='word_1_453' title='bbox 1062 4404 1104 4451; x_wconf 87' lang='lat' dir='ltr'>the</span> <span class='ocrx_word' id='word_1_454' title='bbox 1114 4404 1216 4465; x_wconf 78' lang='lat' dir='ltr'>urigiuul</span> <span class='ocrx_word' id='word_1_455' title='bbox 1229 4404 1448 4465; x_wconf 63' lang='lat' dir='ltr'>meaning-‘uon</span> <span class='ocrx_word' id='word_1_456' title='bbox 1464 4418 1512 4467; x_wconf 78' lang='lat' dir='ltr'>pu·</span> 
     </span>
     <span class='ocr_line' id='line_1_46' title="bbox 307 4466 1169 4517; baseline 0.003 -4"><span class='ocrx_word' id='word_1_457' title='bbox 307 4466 326 4513; x_wconf 86' lang='lat' dir='ltr'>i.</span> <span class='ocrx_word' id='word_1_458' title='bbox 360 4466 386 4512; x_wconf 82' lang='lat' dir='ltr'>&#39;t</span> <span class='ocrx_word' id='word_1_459' title='bbox 414 4468 451 4514; x_wconf 81' lang='lat'>⁰.</span> <span class='ocrx_word' id='word_1_460' title='bbox 943 4466 1021 4515; x_wconf 68' lang='lat' dir='ltr'>&#39;citior</span> <span class='ocrx_word' id='word_1_461' title='bbox 1043 4482 1092 4515; x_wconf 85' lang='lat' dir='ltr'>om.</span> <span class='ocrx_word' id='word_1_462' title='bbox 1102 4469 1127 4517; x_wconf 85' lang='lat' dir='ltr'>S.</span> <span class='ocrx_word' id='word_1_463' title='bbox 1138 4468 1169 4517; x_wconf 84' lang='grc' dir='ltr'>Τ.</span> 
     </span>
    </p>

    <p class='ocr_par' dir='ltr' id='par_1_6' title="bbox 340 4468 893 4593">
     <span class='ocr_line' id='line_1_47' title="bbox 340 4468 893 4593; baseline 0.002 -17"><span class='ocrx_word' id='word_1_464' title='bbox 340 4468 593 4593; x_wconf 65' lang='lat' dir='ltr'>rcelmleonjunoln]</span> <span class='ocrx_word' id='word_1_465' title='bbox 632 4530 732 4579; x_wconf 76' lang='lat' dir='ltr'>Classen</span> <span class='ocrx_word' id='word_1_466' title='bbox 768 4544 893 4591; x_wconf 75' lang='lat' dir='ltr'>compares</span> 
     </span>
    </p>
   </div>
   <div class='ocr_carea' id='block_1_4' title="bbox 0 0 1768 5325">
    <p class='ocr_par' dir='ltr' id='par_1_7' title="bbox 0 0 1768 5325">
     <span class='ocr_line' id='line_1_48' title="bbox 0 0 1768 5325; baseline 0 0"><span class='ocrx_word' id='word_1_467' title='bbox 0 0 1768 5325; x_wconf 95' lang='lat' dir='ltr'> </span> 
     </span>
    </p>
   </div>
  </div>
 </body>
</html>
