3517 5325
618 448 845 516 COMOEDO
868 449 970 516 OAP.
997 453 1025 528 6.
1052 453 1080 519 7.
1385 461 1445 523 121

245 618 400 704 optimum
415 625 450 684 et
463 619 622 684 hominem
636 620 902 707 improbissimum
924 645 993 687 esse
1015 622 1145 687 diceres
1190 624 1347 690 Eumdem
1362 635 1399 692 tu
1414 637 1448 692 et

244 716 376 781 honoris
398 740 511 782 caussa
538 719 720 806 appellabas
748 727 783 784 et
804 720 906 784 virum
934 721 1119 806 primarium
1148 743 1218 787 esse
1247 723 1383 804 dicebas,
1414 737 1448 791 et

245 805 367 880 socium
381 817 546 882 fraudasse
558 820 723 903 arguebas.
770 819 843 896 sed,
861 828 898 884 ut
913 820 1033 905 opinor,
1049 819 1173 884 laudem
1188 821 1314 887 veritati
1330 825 1447 890 tribue-

246 915 313 991 bas,
329 916 449 980 crimen
463 917 585 1000 gratiae
600 917 815 980 concedebas:
832 918 872 981 de
888 918 948 982 hoc
959 926 997 982 ut
1008 918 1214 984 existimabas
1226 921 1444 1005 praedicabas;

247 1011 408 1078 Chaereae
422 1015 580 1078 arbitratu
595 1036 738 1078 caussam
752 1017 881 1100 agebas.

291 1110 374 1175 Vll.
399 1112 574 1178 Fraudavit
597 1112 743 1176 Roscius.
800 1112 863 1176 Est
887 1113 948 1178 hoc
973 1114 1099 1199 quidem
1122 1115 1251 1180 auribus
1273 1117 1448 1204 animisque

246 1209 410 1274 hominum
433 1212 614 1276 absurdum.
660 1210 745 1292 Quid
768 1211 796 1274 si
819 1212 950 1276 tandem
975 1211 1112 1298 aliquem
1136 1213 1264 1278 divitem
1290 1216 1446 1295 timidum,

247 1309 436 1386 dementem,
460 1309 595 1374 inertem
618 1317 733 1373 nactus
757 1317 844 1374 esset
868 1310 922 1395 qui
947 1310 1082 1394 experiri
1104 1333 1167 1374 non
1191 1315 1321 1396 possetl
1342 1323 1449 1380 tamen

245 1406 427 1471 haeredibile
438 1415 534 1472 esset.
580 1406 809 1472 Verumtamen
818 1429 914 1493 quern
925 1407 1082 1472 fraudarit
1092 1408 1264 1474 videamus.
1310 1411 1346 1476 O.
1364 1414 1448 1477 Fan-

245 1504 333 1568 nium
362 1504 536 1570 Chaeream
561 1504 699 1568 Roscius
723 1504 892 1568 fraudavit.
938 1504 1005 1570 Oro
1028 1514 1125 1591 atque
1151 1509 1283 1573 obsecro
1313 1531 1369 1575 vos
1394 1512 1448 1597 qui

246 1601 357 1681 nostis,
382 1603 481 1667 vitam
503 1603 588 1668 inter
607 1625 642 1666 se
661 1602 826 1687 utriusque
848 1603 1012 1676 conferte;
1037 1603 1089 1688 qui
1114 1626 1176 1668 non
1200 1606 1311 1684 nostis,
1336 1609 1449 1674 faciem

245 1700 411 1785 utriusque
438 1701 647 1767 considerate.
703 1699 817 1764 Nonne
845 1699 951 1785 ipsum
987 1709 1086 1787 caput
1122 1709 1156 1766 et
1191 1705 1359 1788 supercilia
1394 1707 1448 1770 illa

245 1799 373 1882 penitus
397 1799 513 1862 abrasa
532 1799 616 1862 olere
634 1797 787 1862 malitiam
810 1804 846 1862 et
868 1797 1033 1863 clamitare
1049 1798 1257 1866 calliditatem
1279 1802 1448 1870 videntur!

247 1895 361 1961 Nonne
381 1897 423 1960 ab
444 1897 515 1960 imis
529 1897 688 1983 unguibus
701 1917 802 1981 usque
816 1896 857 1959 ad
872 1895 1023 1961 verticem
1037 1919 1204 1976 summum,
1221 1899 1248 1964 si
1265 1922 1358 1986 quarn
1374 1924 1447 1966 con-

241 1993 401 2078 jecturam
411 1995 506 2060 affert
519 1995 697 2060 hominibus
710 1994 813 2060 tacita
826 1993 966 2078 corporis
981 1994 1091 2078 ligura,
1109 2017 1149 2060 ex
1165 1997 1286 2076 fraude,
1303 1999 1444 2080 fallaciis,

245 2093 417 2157 mendaciis
439 2102 584 2157 constare
606 2100 695 2158 totus
708 2092 841 2169 videtur,
864 2093 918 2176 qui
943 2091 1060 2156 idcirco
1085 2093 1190 2179 capite
1217 2103 1251 2160 et
1274 2099 1448 2183 superciliis

245 2213 371 2276 semper
393 2199 443 2256 est
464 2191 553 2268 rasis,
576 2213 617 2255 ne
639 2190 736 2254 ullum
757 2189 855 2275 pilum
868 2189 927 2253 viri
942 2189 1016 2253 boni
1032 2190 1147 2255 hahere
1162 2193 1304 2258 dicatur?
1349 2196 1448 2282 Oujus

245 2311 413 2374 personam
437 2289 598 2376 praeclare
624 2287 760 2354 Roscius
788 2287 821 2350 in
851 2309 946 2350 scena
975 2293 1115 2352 tractare
1139 2291 1322 2365 consuevit;
1346 2315 1448 2378 neque

245 2397 353 2454 tamen
375 2411 432 2474 pro
447 2387 600 2453 beneficio
614 2387 644 2450 ei
659 2409 716 2472 par
736 2384 841 2472 gratia
862 2385 1008 2448 refertur.
1054 2384 1138 2448 Nam
1162 2385 1336 2452 Ballionem
1361 2389 1448 2454 illum

245 2486 510 2573 improbissimum
520 2494 555 2552 et
565 2483 814 2571 perjurissimum
824 2482 970 2546 lenonem
982 2503 1079 2566 quum
1090 2481 1166 2567 agit,
1179 2483 1249 2568 agit
1261 2485 1446 2553 Chaeream.

277 2720 301 2775 7,
318 2721 361 2781 qm·
381 2718 491 2779 experiri
512 2730 560 2763 aaa
572 2713 688 2776 possem]
723 2712 755 2759 In
771 2726 793 2759 c
813 2714 829 2760 a
861 2710 985 2772 speculum
996 2714 1103 2767 ornetur,
1113 2712 1180 2773 cujus
1191 2714 1316 2775 supercilia
1325 2716 1447 2777 radantur,

243 2784 314 2832 there
334 2784 355 2829 is
385 2781 487 2842 ‘judido
508 2777 627 2841 experiri!
675 2778 700 2824 lt
721 2776 742 2823 is
763 2777 830 2823 otten
862 2776 905 2836 qui
921 2774 1073 2823 butam
1089 2776 1264 2841 feminibusque
1277 2781 1348 2827 vulsis
1364 2782 1448 2829 ambu-

243 2848 305 2895 uaed
320 2846 462 2907 absolutely.
495 2844 590 2892 Horace
605 2857 659 2906 says
675 2841 750 2905 (Epp.
761 2841 778 2888 i.
793 2842 829 2896 17.
862 2840 905 2895 let,
934 2840 975 2901 qui
996 2841 1022 2886 in
1044 2841 1156 2889 conviviis
1180 2842 1371 2892 adolescentulus
1393 2862 1448 2895 curn

243 2911 338 2975 402..
862 2908 978 2961 amatore,
995 2918 1049 2951 cum
1065 2904 1181 2953 chiridota
1196 2909 1277 2955 tunica
1290 2909 1388 2957 interior
1400 2910 1448 2974 (in-

376 3001 393 3025 u
402 2994 720 3045 Autmmmim
729 2998 775 3049 αι’
862 2967 946 3081 {pp-iim)
965 2968 1109 3026 accubuerit,
1128 2972 1235 3082 qui'tncn
1253 2974 1324 3021 modo
1341 2976 1446 3051 unusne,

496 3062 501 3073 .
677 3058 683 3069 ·
779 3058 785 3069 ·
922 3048 1014 3081 arrosus
1036 3048 1133 3097 quoque
1154 3050 1193 3093 sr,
1214 3051 1300 3085 eumne
1392 3056 1447 3087 uam

244 3061 384 3175 me&
400 3068 426 3111 ‘t
441 3068 545 3125 imm
560 3064 830 3121 mmmmm
860 3098 1139 3211 fflitetnolppthpnidem
1161 3100 1244 3149 lecerit
1271 3054 1448 3166 quodmcihaedi

246 3228 436 3277 Cicerohasthe
446 3243 512 3276 same
527 3226 665 3289 expression
681 3240 708 3272 ss
725 3224 827 3272 Horace.
893 3228 1050 3275 Therewasa
1060 3232 1154 3277 contest
1165 3234 1190 3277 at
1202 3230 1279 3279 Rome
1289 3232 1396 3281 between
1405 3233 1448 3281 the

245 3293 277 3341 ln
297 3295 340 3341 the
360 3296 453 3341 oration
475 3294 522 3341 Pro
544 3294 571 3341 P.
597 3292 698 3344 Quintio
718 3290 787 3337 thera
807 3289 829 3335 is
860 3292 953 3339 hirsute
974 3293 1021 3339 and
1043 3292 1086 3341 the
1107 3294 1201 3343 ahaved
1248 3296 1313 3345 Each
1335 3304 1378 3359 got
1404 3298 1447 3347 tha

245 3360 362 3420 ‘experiri
376 3360 440 3406 intra
456 3358 569 3421 parietes’
588 3356 619 3419 (a
642 3356 691 3419 11).
727 3356 792 3402 llere
809 3354 829 3401 it
860 3358 1134 3419 upperhandinturns.
1167 3360 1447 3424 Antiquitywasdcubt·

245 3438 329 3471 means
340 3439 421 3471 aman
432 3424 486 3471 who
497 3422 568 3471 could
578 3428 622 3470 not
632 3420 718 3468 defend
734 3418 832 3466 himself
861 3422 909 3469 less
927 3422 1031 3479 hirsute;
1054 3422 1103 3470 and
1122 3424 1164 3472 the
1185 3426 1292 3474 umbem
1314 3444 1403 3490 appear
1421 3432 1447 3475 at

245 3487 411 3535 inauaction.
860 3487 975 3535 interven
1002 3488 1028 3535 in
1055 3488 1099 3536 the
1124 3488 1192 3537 busta
1214 3491 1243 3539 cl
1267 3492 1310 3540 the
1338 3494 1448 3555 imffirial

278 3552 534 3614 caputetraperer’ltc]
570 3548 830 3599 Hotmannislearned
861 3552 954 3614 period.

244 3616 309 3664 here.
344 3618 385 3664 He
403 3633 456 3678 says
476 3618 531 3664 that
552 3631 619 3663 some
635 3615 721 3677 people
742 3612 828 3661 sbared
895 3616 1043 3679 Bellicam]
1081 3616 1177 3667 Haisa
1191 3620 1273 3668 ‘lano'
1284 3620 1447 3669 inthel’seu·

244 3680 308 3728 their
317 3681 391 3729 heads
401 3683 449 3729 and
459 3681 579 3743 eyebrowa
590 3696 623 3728 on
633 3684 734 3727 account
744 3677 772 3726 of
787 3678 829 3725 the
861 3681 930 3728 dolus
947 3680 975 3728 cf
992 3682 1098 3740 Plautus,
1118 3683 1165 3730 and
1188 3684 1240 3731 well
1262 3685 1350 3733 drawn.
1394 3686 1448 3733 Tha

244 3744 309 3792 beat.
341 3742 829 3794 JuliusCaesarrrascarefnlaboutsha·
862 3743 944 3792 ‘lenc'
975 3745 1044 3793 made
1069 3762 1084 3793 a
1110 3753 1177 3807 great
1205 3750 1278 3808 figura
1305 3750 1330 3795 in
1353 3750 1448 3797 Roman

244 3810 301 3871 ring
317 3825 346 3857 or
360 3810 588 3872 scrapinghimselst
605 3810 637 3856 ba
652 3824 700 3855 was
714 3822 773 3856 eren
790 3822 829 3854 rc·
861 3809 970 3870 comedy.
1003 3809 1056 3857 'l'he
1074 3810 1165 3858 Greeks
1187 3827 1251 3859 seem
1269 3817 1295 3858 to
1312 3812 1373 3859 hare
1392 3828 1448 3873 pro·

244 3875 587 3937 proachedrritb‘vellicatio.'
621 3873 739 3921 lliahead
750 3871 829 3918 would
861 3872 938 3921 dnoed
953 3872 995 3919 the
1010 3888 1073 3919 man.
1109 3874 1212 3922 llisrras
1227 3876 1278 3936 just
1288 3876 1329 3922 the
1340 3876 1449 3924 business

243 3940 410 3987 mesenhim
422 3940 493 3987 much
504 3939 606 3995 trouble,
616 3938 655 3986 for
665 3938 754 3984 barras
765 3936 828 3983 bald.
861 3938 917 3984 that
938 3937 1013 3983 suited
1034 3952 1049 3983 a
1071 3938 1157 3985 Greelr.
1194 3939 1233 3985 lla
1249 3940 1307 3985 used
1326 3944 1353 3986 to
1374 3942 1449 3988 traval

243 4002 303 4051 'Ibis
320 4012 388 4066 great
408 4004 560 4051 commander
577 4018 625 4050 aas
649 4008 694 4049 not
709 4016 724 4048 a
739 4002 831 4047 hirsuta
862 4002 937 4049 about
953 4002 1090 4047 sometimes
1106 4002 1163 4049 with
1176 4016 1300 4049 ataravan
1311 4003 1339 4049 ol
1355 4018 1449 4051 women

244 4067 311 4115 hero.
346 4070 441 4117 Horace
460 4069 534 4131 (llpp.
552 4069 569 4114 i.
581 4070 605 4123 7.
617 4082 639 4113 r.
651 4067 694 4128 bO)
710 4066 830 4113 describes
861 4067 922 4113 hom
940 4065 1007 4127 placa
1023 4071 1049 4112 to
1063 4066 1449 4128 placa‚toattendlairsandtbe

244 4130 354 4180 Vulteius
368 4131 574 4189 adnecteres,
592 4130 735 4177 “Adraaurn
753 4144 829 4192 quen-
860 4131 917 4178 lilre.
953 4130 992 4177 lle
1010 4130 1060 4177 also
1077 4130 1135 4192 lrept
1151 4131 1192 4177 the
1203 4146 1294 4178 women
1311 4133 1336 4179 in
1353 4131 1448 4190 houses,

244 4197 299 4244 darn
315 4213 390 4246 vacua
410 4198 513 4245 tonsoris
529 4196 555 4243 in
571 4194 682 4243 umbra.''
714 4194 768 4242 ‘l'hs
785 4194 831 4240 lull
861 4195 909 4243 and
919 4195 1034 4256 procured
1046 4195 1112 4242 thern
1124 4196 1161 4242 for
1177 4194 1214 4241 his
1225 4202 1362 4244 eustomers.
1396 4198 1449 4245 'Ibe

244 4263 356 4325 meaning
372 4264 400 4310 cf
417 4260 522 4311 Cicero’s
537 4260 610 4307 abusa
620 4260 642 4306 is
652 4258 722 4305 made
740 4264 783 4306 out
797 4258 829 4318 by
861 4261 984 4308 character
995 4261 1068 4306 erista
1084 4274 1146 4315 now,
1162 4260 1207 4307 but
1224 4260 1322 4308 modern
1338 4276 1449 4311 manners

246 4342 277 4374 an
299 4334 392 4375 auset
418 4329 481 4375 hom
502 4342 518 4373 a
543 4324 630 4391 speech
651 4322 680 4369 of
700 4322 726 4369 Ρ.
750 4323 829 4385 Scipio
861 4325 940 4372 would
957 4324 1027 4371 resist
1049 4324 1089 4371 hia
1103 4338 1249 4387 appearance
1266 4340 1297 4372 on
1315 4326 1357 4373 the
1373 4333 1448 4389 stage.

245 4392 372 4439 Africanus
395 4392 462 4439 Pauli
480 4391 517 4447 R,
543 4390 636 4451 against
663 4387 690 4434 P.
710 4386 830 4449 Sulpicius
861 4390 915 4436 The
933 4404 1068 4436 mansuem
1089 4388 1117 4436 ol
1131 4388 1235 4437 Cicerc's
1253 4389 1326 4438 abusa
1345 4392 1365 4438 ia
1384 4392 1448 4439 intc-

245 4456 329 4504 Gallus
341 4456 489 4520 (Gallicarii.
503 4456 553 4517 12).
581 4451 727 4501 Nonebuta
736 4452 831 4499 Roman
862 4454 960 4501 lenble.
994 4454 1099 4502 Because
1111 4454 1217 4502 Chaerea
1228 4455 1285 4502 saed
1298 4456 1406 4513 Roscius,
1418 4458 1449 4505 he

244 4521 269 4568 ln
280 4522 319 4569 bia
329 4536 383 4569 crrn
394 4523 510 4583 languaga
520 4519 590 4569 could
601 4522 658 4566 rant
669 4517 727 4565 auch
737 4518 819 4565 abusa.
863 4519 884 4566 ts
895 4518 1022 4581 compared
1029 4519 1088 4567 with
1099 4518 1158 4568 such
1168 4534 1183 4567 a
1193 4520 1317 4569 notorious
1323 4522 1450 4571 sccundrel

278 4586 367 4635 “Nam
378 4588 420 4651 qui
430 4586 518 4636 cotidie
532 4587 695 4649 unguentatus
705 4582 831 4633 adversum
863 4598 890 4632 as
902 4582 986 4633 Ballio.
