3517 5325
739 493 840 558 OAP.
866 497 959 561 7-9.
1387 496 1449 559 259

293 659 396 726 VIII.
421 659 579 741 Quoniam
593 663 633 728 de
648 685 764 748 genere
779 664 851 728 belli
867 665 942 742 dixi,
960 686 1044 728 nunc
1058 664 1099 728 de
1113 665 1332 750 magnitudine
1346 685 1449 750 panca

248 761 361 824 dicam.
409 759 526 823 Potest
541 760 624 824 enim
646 762 706 824 hoc
721 760 800 824 dici:
826 761 899 825 belli
912 783 1014 846 genus
1027 783 1099 826 esse
1119 762 1167 826 ita
1183 763 1395 826 necessarium
1409 772 1447 825 ut

248 860 291 923 sit
307 857 502 945 gerendum
527 879 590 920 non
613 879 682 923 esse
705 859 751 923 ita
772 881 923 944 magnum
942 869 980 925 ut
1000 860 1044 923 sit
1064 859 1362 944 pertimescendum.
1408 860 1447 923 In

248 979 309 1043 quo
335 957 473 1020 maxime
495 955 702 1020 laborandum
726 965 838 1020 estne
861 958 944 1022 forte
968 958 1067 1033 vobis,
1093 979 1175 1041 quae
1204 957 1444 1042 diligentissime

248 1054 442 1140 providenda
461 1061 545 1132 sunt,
571 1055 803 1119 contemnenda
829 1077 900 1120 esse
921 1057 1098 1121 videantur.
1144 1055 1254 1141 Atque
1277 1062 1315 1119 ut
1338 1077 1448 1120 omnes

247 1153 428 1237 intelligant
449 1174 500 1214 me
525 1152 561 1216 L.
581 1152 712 1216 Lucullo
734 1159 861 1216 tantum
876 1153 1039 1238 impertire
1060 1153 1171 1231 landis,
1195 1160 1349 1238 quantum
1368 1153 1445 1217 forti

248 1250 315 1313 viro
339 1259 373 1314 et
398 1250 533 1334 sapienti
559 1249 677 1313 homini
696 1256 731 1314 et
756 1271 871 1335 magno
893 1251 1076 1336 imperatori
1093 1252 1256 1330 debeatur,
1283 1253 1355 1315 dic'o
1378 1253 1448 1336 ejus

248 1348 386 1412 adventu
401 1347 555 1411 maximas
578 1346 779 1412 Mithridatis
801 1349 910 1433 copiae
932 1350 1078 1413 omnibus
1098 1351 1193 1413 rebus
1204 1357 1335 1414 ornatas
1350 1357 1447 1434 atque

248 1445 422 1510 instructas
435 1445 540 1520 luisse,
551 1446 722 1530 urbemque
734 1445 832 1510 Asiae
847 1447 1052 1511 clarissimam
1060 1447 1212 1533 nobisque
1226 1446 1448 1511 amicissimam

250 1543 473 1628 Cyzicenorum
495 1544 658 1606 obsessam
683 1565 752 1606 esse
775 1544 817 1606 ab
842 1543 911 1628 ipso
933 1567 1008 1630 rege
1030 1543 1168 1608 maxima
1188 1544 1392 1610 multitudine
1414 1553 1449 1609 et

249 1648 465 1726 oppugnatam
479 1640 761 1718 vehementissime,
779 1663 873 1726 quarn
888 1641 925 1706 L.
941 1643 1091 1707 Lucullus
1104 1643 1231 1719 virtute,
1246 1642 1446 1718 assiduitate,

249 1739 379 1803 consilio
393 1739 524 1802 summis
539 1738 711 1802 obsidionis
725 1739 873 1823 periculis
887 1741 1051 1805 liberavit:
1075 1741 1116 1803 ab
1131 1741 1242 1804 eodem
1257 1740 1449 1824 imperatore

250 1837 382 1901 classem
397 1857 545 1920 magnam
567 1845 600 1900 et
616 1845 771 1910 ornatam,
789 1859 869 1922 quae
891 1839 1025 1902 ducibus
1046 1837 1238 1902 Sertorianis
1254 1838 1296 1900 ad
1321 1837 1449 1901 Italiam

251 1934 358 1998 studio
381 1933 574 1998 inflammata
605 1941 779 2018 raperetur,
810 1945 994 2021 superatam
1015 1957 1085 2000 esse
1113 1943 1212 2020 atque
1241 1935 1445 2018 depressam:

251 2053 382 2115 magnas
397 2030 533 2094 hostium
549 2041 715 2116 praeterea
730 2033 838 2118 copias
855 2034 965 2098 multis
986 2033 1114 2118 praeliis
1127 2055 1197 2097 esse
1211 2033 1342 2107 deletas,
1358 2041 1447 2117 pate-

251 2131 431 2214 factumque
440 2129 558 2194 nostris
567 2129 742 2214 legionibus
757 2153 808 2194 ess
844 2131 994 2208 Pontum,
1005 2131 1058 2216 qui
1067 2138 1162 2195 antea
1176 2130 1291 2216 populo
1303 2131 1448 2193 Romano

252 2227 387 2292 exomni
402 2226 491 2291 aditu
512 2227 639 2290 clausus
660 2153 958 2332 inisset:(Sinopen
980 2236 1076 2312 atque
1099 2227 1256 2302 Amisum,
1280 2227 1394 2312 quibus
1416 2226 1449 2288 in

225 2379 227 2384 .
251 2325 373 2410 oppidis
387 2332 479 2388 erant
494 2324 652 2387 domicilia
667 2326 760 2408 regis,
773 2325 919 2389 omnibus
934 2327 1030 2388 rebus
1048 2333 1178 2388 ornatas
1191 2333 1289 2410 atque
1303 2325 1446 2400 refertas,

252 2430 435 2506 ceterasque
460 2423 555 2484 urbes
582 2421 679 2486 Ponti
702 2429 735 2486 et
760 2421 981 2505 Cappadociae
1001 2421 1175 2512 permultas
1194 2443 1258 2484 uno
1279 2420 1370 2484 aditu
1392 2421 1448 2483 ad·

251 2527 408 2605 ventoque
432 2541 501 2583 esse
525 2525 656 2604 captas:
682 2541 790 2604 regem
808 2519 981 2603 spoliatum
1001 2509 1223 2603 regno‘patrio
1246 2525 1344 2602 atque
1362 2517 1449 2581 avito

249 2617 290 2681 ad
305 2617 383 2681 alios
398 2637 432 2679 se
447 2637 538 2701 reges
553 2615 705 2699 atque'ad
726 2615 806 2679 alias
817 2623 932 2699 gentes
951 2615 1123 2700 supplicem
1138 2615 1310 2680 contulisse
1323 2639 1330 2678 ε
1354 2623 1451 2700 atque

250 2716 330 2778 haec
346 2714 453 2777 omnia
467 2713 565 2776 salvis
580 2712 686 2799 populi
703 2714 839 2776 Romani
863 2714 958 2777 sociis
979 2723 1077 2798 atque
1096 2714 1229 2798 integris
1243 2713 1451 2798 vectigalibus

250 2834 321 2876 esse
342 2820 445 2896 gesta.
491 2810 577 2875 Satis
600 2811 712 2896 opinor
734 2810 812 2875 haec
833 2833 904 2875 esse
923 2811 1035 2885 laudis,
1051 2820 1149 2905 atque
1171 2813 1226 2891 ita,
1244 2810 1396 2892 Quirites,
1412 2820 1449 2875 ut

250 2911 312 2974 hoc
327 2931 383 2972 vos
397 2908 591 2992 intelligatis,
604 2930 625 2971 a
639 2910 724 2972 nullo
739 2908 873 2973 istorum
894 2909 947 2994 qui
968 2909 1041 2973 huic
1064 2911 1248 2974 obtrectant
1267 2910 1330 2994 legi
1352 2918 1449 2995 atque

251 3030 384 3074 caussae
408 3006 445 3071 L.
464 3006 629 3069 Lucullum
652 3006 797 3073 similiter
817 3028 856 3071 ex
882 3006 1037 3071 hocloco
1062 3029 1134 3071 esse
1159 3007 1333 3072 laudatum.
1382 3006 1451 3070 IX.

251 3106 443 3193 RequIretur
465 3104 602 3169 fortasse
625 3126 708 3169 nunc
732 3106 1006 3191 quemadmodum,
1024 3128 1121 3191 quum
1142 3104 1221 3171 haec
1244 3106 1291 3169 ita
1313 3107 1387 3183 sint,
1403 3128 1451 3169 re·

283 3306 306 3353 a.
323 3318 353 3351 ae
361 3303 434 3364 sorte
450 3302 536 3363 vebia]
555 3301 608 3349 Tho
624 3302 718 3350 curium
729 3316 784 3364 may
795 3316 835 3349 sse
902 3302 1009 3363 Sinopes
1026 3301 1083 3363 tec]
1108 3300 1198 3363 Sinope
1212 3301 1261 3349 and
1277 3302 1374 3350 Aruleno
1390 3316 1452 3350 were

250 3369 292 3417 the
313 3369 371 3429 long
392 3374 450 3415 nota
471 3368 495 3413 in
519 3368 592 3415 Halm
611 3382 644 3415 ou
661 3367 703 3414 the
722 3368 833 3429 questIon
867 3369 915 3413 trro
928 3366 1006 3413 citha
1019 3367 1058 3413 old
1076 3366 1154 3414 Greek
1166 3367 1313 3414 colonieson
1328 3367 1370 3414 the
1385 3367 1451 3415 Eux-

250 3433 356 3481 rrhether
377 3448 412 3481 we
434 3432 520 3480 should
542 3432 602 3479 have
630 3431 727 3479 ‘vobis’
750 3446 778 3479 or
803 3436 834 3479 ‘a
865 3430 914 3488 ins,
932 3431 1008 3477 which
1030 3430 1077 3479 had
1098 3431 1170 3477 fallen
1191 3432 1244 3478 into
1265 3432 1308 3479 the
1329 3432 1406 3480 hands
1428 3432 1455 3479 oi

250 3496 334 3545 vohis!
865 3495 1027 3543 Mithridates.
1059 3496 1119 3543 This
1143 3496 1201 3557 king
1222 3512 1270 3545 rrae
1291 3512 1307 3544 a
1327 3498 1407 3545 natira
1428 3496 1455 3543 oi

286 3562 470 3624 Cyzicenorum]
491 3561 589 3609 Seethc
604 3560 711 3618 Introd.3
728 3561 776 3608 and
792 3561 835 3608 the
868 3560 965 3623 Sinope.
999 3560 1052 3607 The
1070 3569 1169 3622 captura
1190 3561 1218 3608 oi
1234 3562 1302 3609 these
1321 3562 1400 3623 plsoes
1419 3562 1452 3623 1)]

248 3640 361 3688 passages
380 3628 405 3673 ln
425 3626 545 3681 Plutarch,
565 3626 686 3683 Lucullus,
706 3641 727 3673 c.
744 3628 768 3681 9,
787 3626 834 3673 and
867 3624 1010 3673 Lucullusis
1018 3626 1069 3671 told
1078 3626 1103 3671 in
1113 3626 1233 3680 Plutarch,
1246 3626 1369 3683 Lucullus,
1381 3641 1402 3673 c.
1414 3627 1453 3674 19.

250 3690 477 3754 Appian,Mithrid.
490 3693 558 3745 cil.
584 3690 637 3737 The
648 3690 738 3751 history
750 3690 778 3737 oi
786 3690 835 3737 this
867 3692 916 3745 285
932 3690 1036 3751 Appian.
1046 3690 1279 3737 Mithridatia-⁶
1288 3692 1388 3751 integris
1399 3704 1452 3737 vec-

250 3762 316 3818 great
327 3756 375 3817 city
386 3756 406 3802 is
418 3756 502 3815 briefly
513 3755 564 3802 told
575 3755 601 3802 iu
617 3754 716 3801 Smith's
732 3754 796 3801 Dict.
809 3754 838 3801 ol
866 3754 1004 3814 tigslibusr’
1025 3754 1069 3801 the
1086 3755 1199 3815 meaning
1213 3756 1241 3801 ο1
1254 3755 1322 3801 these
1339 3755 1453 3801 wordais

250 3820 440 3881 Aucienthog.
454 3818 586 3883 (Cyzicus.)
620 3819 725 3880 Asandy
733 3819 837 3865 isthmus
869 3824 913 3864 not
923 3818 991 3880 quite
1001 3819 1071 3865 clear.
1104 3818 1157 3865 Th0
1174 3818 1269 3865 Roman
1287 3817 1375 3865 ‘socii’
1391 3832 1454 3865 wera

250 3901 303 3934 now
319 3892 431 3932 connects
451 3886 551 3945 Cyzicus
570 3884 627 3931 with
645 3884 687 3931 the
706 3884 835 3929 mainland.
869 3882 1059 3943 protected,and
1071 3882 1275 3941 the‘voctigalis’
1289 3897 1351 3929 were
1361 3882 1453 3936 eutireg

250 3950 275 3998 It
291 3966 339 3997 was
356 3956 399 3997 not
415 3950 498 3996 within
516 3949 558 3995 the
574 3948 667 3995 Roman
684 3948 796 4009 province
812 3946 840 3993 oi
869 3946 946 3992 which
958 3946 1043 3993 should
1059 3962 1129 3993 mesu
1144 3946 1197 3992 that
1212 3946 1268 4007 they
1279 3960 1347 3993 (amc
1360 3947 1394 4001 in,
1406 3946 1454 3993 and

249 4015 403 4063 AsisatthIs
411 4015 485 4073 timer
503 4014 636 4061 butitwss
648 4012 837 4074 friendlytoths
869 4024 931 4057 wera
948 4010 1063 4057 collected
1080 4010 1132 4070 just
1150 4025 1176 4056 sa
1193 4010 1283 4057 before.
1325 4011 1350 4057 It
1372 4010 1453 4057 ladit-

250 4079 365 4127 Itomanr.
866 4074 968 4136 fcrentiy
978 4075 1103 4135 explained
1115 4074 1147 4136 1)]
1158 4088 1233 4121 some.

281 4145 364 4192 stadio
382 4142 545 4205 inflammato]
573 4141 669 4187 ‘studio
686 4145 760 4201 atque
779 4139 834 4187 odIo
900 4146 974 4200 utque
993 4138 1050 4199 ι’1α,]
1072 4139 1111 4185 lle
1133 4152 1195 4198 says,
1218 4138 1257 4185 ul
1276 4138 1346 4184 think
1363 4138 1413 4186 this
1434 4140 1455 4187 is

248 4208 413 4265 inflammata,'
427 4208 509 4263 Halm,
521 4206 609 4262 Baiter,
619 4220 651 4253 on
663 4205 704 4252 the
714 4205 835 4266 authority
867 4205 946 4265 preire
957 4204 1060 4263 enough,
1077 4203 1124 4249 sud
1136 4203 1188 4249 that
1200 4202 1212 4249 I
1225 4203 1285 4249 hare
1295 4203 1389 4264 praised
1406 4203 1454 4251 Lu-

248 4273 277 4321 ci
284 4288 330 4321 ons
342 4274 397 4321 MS.
870 4268 947 4315 cullus
957 4270 982 4314 in
994 4267 1053 4315 such
1065 4282 1079 4313 a
1090 4281 1141 4327 way
1152 4267 1205 4314 that
1220 4282 1268 4328 you
1282 4268 1330 4314 will
1341 4268 1387 4314 leel
1398 4268 1455 4325 tha,

282 4336 598 4397 classem-depressum]
634 4334 693 4380 Thia
720 4347 768 4379 vas
795 4332 838 4379 the
870 4331 951 4387 that,”
964 4336 1008 4379 &c
1042 4331 1455 4392 'Hoc'Isthoughttobedoubt·

248 4402 319 4450 narsi
330 4402 404 4449 battle
415 4399 588 4448 nesrTenedos
600 4398 658 4461 (Pro
666 4396 837 4459 Amblacll).
870 4396 906 4444 iul
924 4396 956 4459 1)]
978 4396 1061 4453 Halm,
1082 4396 1136 4443 who
1154 4396 1233 4457 places
1252 4398 1273 4443 it
1288 4396 1346 4444 thus
1366 4397 1455 4461 [hoo];

247 4466 301 4515 The
319 4467 428 4515 victorias
444 4466 473 4512 oi
488 4464 602 4512 Lucullus
620 4461 715 4526 (multis
731 4462 838 4523 praeliis)
871 4461 916 4508 but
926 4462 946 4508 it
957 4462 977 4508 ia
988 4461 1060 4522 right.
1093 4460 1456 4511 The‘Istorum'srcHorten·

248 4547 289 4579 are
300 4532 352 4579 told
363 4532 389 4579 ln
401 4530 438 4577 his
449 4528 491 4578 liis
502 4528 533 4589 by
547 4528 659 4577 Plutarch
675 4524 707 4591 (c.
722 4528 760 4585 ll,
772 4524 838 4589 dc),
872 4526 924 4574 sius
934 4525 983 4575 and
994 4524 1105 4585 Catulm,
1115 4540 1206 4588 among
1215 4526 1298 4575 others
1309 4526 1436 4592 (Inuca).

249 4596 297 4645 and
308 4596 414 4659 Appian,
426 4594 538 4642 Mithrid.
550 4608 571 4642 c.
583 4594 624 4651 711.
861 4656 879 4716 2
