3517 5325
710 481 812 552 OAP.
834 486 890 565 32,-
903 478 954 553 33.
1367 490 1431 553 455

230 662 283 722 est
306 663 341 723 st
364 654 419 721 din
444 654 642 720 omrsultum:
669 663 802 751 exstant
824 656 960 734 litterae,
988 656 1138 737 Quirites,
1166 659 1330 744 publicae;
1356 666 1432 725 sunt

229 752 506 819 senatusconsulta
518 754 689 839 complura.
725 753 917 819 Statuerunt
932 753 1074 819 homines
1089 756 1260 841 sapientes,
1277 758 1304 821 si
1319 775 1432 842 agrum

231 851 401 936 Campanis
412 850 614 928 ademissent,
637 852 854 937 magistratus,
878 860 1035 929 sonatum,
1053 853 1213 937 publicum
1231 876 1271 918 ex
1286 855 1339 917 illa
1354 856 1432 919 urbe

231 948 395 1013 consilinm
417 946 629 1027 sustulissent,
653 949 822 1035 imaginem
843 949 1057 1035 reipublicae
1080 950 1197 1015 nullam
1218 950 1431 1036 reliquissent,

230 1047 308 1111 nihil
330 1048 399 1111 l'ora
421 1047 506 1132 quod
531 1046 672 1131 Capuam
699 1048 892 1111 timeremus.
939 1046 1051 1133 Itaque
1075 1048 1137 1113 hoc
1162 1048 1373 1134 perscriptum
1400 1049 1432 1112 in

230 1144 442 1209 monumentis
456 1144 615 1209 veteribus
628 1144 804 1230 reperietis,
827 1156 865 1210 ut
884 1153 972 1211 esset
986 1146 1069 1221 urbs,
1086 1166 1166 1231 quse
1181 1166 1231 1210 res
1246 1166 1301 1211 eas
1316 1144 1433 1230 quibus

230 1262 309 1327 ager
324 1241 507 1326 Campanus
527 1241 684 1307 coleretur
704 1242 909 1327 suppeditsre
931 1250 1049 1329 posset,
1073 1250 1110 1307 ut
1131 1252 1218 1308 esset
1239 1244 1328 1307 locus
1347 1254 1433 1307 oom-

231 1339 396 1425 portandis
410 1338 644 1425 condendisque
658 1340 824 1419 fructibus,
841 1347 878 1404 ut
892 1348 1034 1405 aratores
1049 1340 1137 1405 cultu
1152 1360 1301 1426 agrorum
1317 1340 1432 1405 defessi

231 1438 320 1501 urhis
348 1436 515 1501 domiciliis
543 1444 719 1513 uterentur,
745 1438 864 1502 idcirco
890 1439 943 1503 illa
967 1438 1110 1503 aedilicia
1134 1458 1197 1502 non
1221 1460 1292 1502 esse
1315 1439 1432 1503 deleta.

234 1534 419 1599 XXXIII.
444 1534 564 1599 Videte
580 1543 734 1621 quantum
755 1536 955 1601 intervallum
977 1537 1020 1601 sit
1038 1536 1241 1621 interjectum
1262 1537 1346 1601 iuter
1368 1556 1432 1599 ma·

229 1634 337 1718 jornm
358 1638 540 1696 nostrorum
564 1633 695 1698 consilia
720 1642 754 1698 et
778 1635 864 1699 inter
885 1634 1019 1699 istorum
1045 1636 1206 1699 hominum
1229 1634 1430 1699 dementiam.

235 1730 285 1794 Illi
302 1731 452 1815 Capuam,
474 1733 710 1816 receptaculum
731 1740 903 1809 aratorum,
926 1732 1084 1797 nundinas
1106 1734 1304 1808 rusticorum,
1322 1731 1433 1795 cellam

233 1838 331 1914 atque
345 1830 492 1893 horreum
508 1828 660 1915 Campani
674 1830 742 1916 agri
758 1852 828 1895 esse
843 1832 1027 1896 voluerunt:
1044 1832 1076 1895 hi
1088 1832 1226 1917 expulsis
1241 1830 1430 1906 aratoribus,

233 1922 342 1991 effusis
355 1946 393 1990 ac
408 1926 571 2012 dissipatis
585 1928 739 1991 fructibus
756 1928 880 2007 vestris,
906 1930 1038 1993 eandem
1054 1930 1194 2015 Capuam
1210 1930 1317 1993 sedem
1332 1948 1433 1991 nome

233 2026 279 2089 rei
293 2024 437 2110 publicae
451 2025 660 2103 constituunt,
684 2014 799 2091 moletia
814 2034 927 2091 contra
941 2036 1080 2093 veterem
1095 2050 1162 2091 rem
1176 2028 1333 2113 publicam
1348 2044 1432 2089 oom-

233 2131 357 2208 parant.
404 2124 497 2204 Quod
518 2123 546 2187 si
569 2124 705 2209 majorm
726 2124 828 2189 nostri
849 2126 1086 2191 existimassent
1101 2148 1289 2212 quemquam
1312 2124 1344 2188 in
1367 2120 1459 2187 tem'

234 2220 348 2286 illustri
362 2221 494 2307 imperio
507 2230 543 2287 et
556 2228 624 2285 tam
639 2222 801 2306 praeclara
815 2223 922 2309 populi
939 2224 1073 2287 Romani
1092 2224 1257 2309 disciplina
1274 2224 1322 2286 M.
1339 2217 1434 2284 Bruti

235 2326 292 2383 aut
309 2318 347 2382 P.
364 2319 450 2383 Rulli
470 2318 603 2383 similem
621 2320 879 2396 futurum—hos
899 2322 983 2384 enim
1000 2342 1058 2385 nos
1081 2322 1160 2385 duos
1179 2322 1283 2383 adhuc
1299 2318 1434 2381 vidimus

235 2416 288 2502 qui
303 2416 395 2481 hanc*
404 2437 470 2479 rem
493 2416 650 2501 publicam
666 2416 809 2500 Capuam
823 2425 925 2481 totam
940 2418 1114 2482 transferre
1132 2414 1431 2501 vellent-profecto

235 2535 350 2577 nomen
365 2513 448 2576 illins
461 2513 549 2576 urbis
563 2534 625 2576 non
640 2514 847 2598 reliquissent
887 2512 1009 2578 Verum
1024 2515 1271 2591 arbitrabantur,
1289 2508 1435 2577 Corinthi

235 2619 270 2676 et
286 2610 489 2696 Karthagini,
505 2611 630 2676 etiamsi
652 2618 797 2675 senatum
812 2618 847 2675 et
860 2611 1068 2696 magistratus
1090 2612 1293 2678 sustuIIssent
1308 2630 1435 2696 agrum-

236 2731 297 2795 que
312 2709 433 2772 civibus
446 2708 648 2785 ademissent,
661 2717 768 2774 temen
783 2731 845 2773 non
862 2709 968 2774 delore
982 2711 1036 2796 qui
1051 2711 1103 2774 ille
1118 2711 1324 2776 restituerent
1338 2717 1435 2794 etque

239 2805 325 2892 [qui]
353 2807 459 2870 omnia
480 2814 557 2871 ante
582 2816 818 2872 commutarent
841 2829 936 2893 quam
960 2829 1019 2872 nos
1042 2809 1152 2873 audire
1176 2829 1357 2894 possemus:
1383 2805 1434 2870 hio

236 2927 310 2969 vero
325 2905 357 2967 in
372 2905 471 2968 oculis
485 2912 616 2969 senatus
630 2905 800 2991 populique
817 2905 953 2968 Romani
968 2905 1045 2970 nihil
1060 2929 1152 2992 posse
1170 2906 1334 2980 exsistere,
1350 2905 1436 2990 quod

236 3025 301 3066 non
321 3011 399 3068 ente
421 3002 582 3084 exstingui
604 3014 702 3089 atque
724 3003 860 3088 opprimi
883 3011 991 3088 posset
1010 3025 1104 3089 quam
1125 3003 1216 3089 plane
1236 3011 1383 3067 exortum
1397 3023 1436 3066 ac

236 3108 347 3165 natum
369 3107 465 3164 esset.
511 3100 624 3186 Neque
639 3123 712 3164 vero
735 3124 773 3165 ea
793 3123 845 3165 res
866 3099 977 3165 felbllit
999 3101 1142 3166 homines
1162 3101 1266 3166 divina
1280 3107 1387 3165 mente
1403 3107 1437 3165 et

237 3199 367 3264 consilio
389 3200 561 3285 praeditos.
615 3200 698 3264 Nam
719 3208 795 3285 post
819 3200 859 3281 Q.
882 3200 1028 3264 Fulvium
1054 3201 1092 3282 Q.
1119 3201 1255 3265 Fabium
1281 3199 1435 3278 consules,

237 3298 353 3385 quibus
372 3298 552 3362 consulibus
568 3295 678 3384 Capua
701 3299 827 3364 devicta
849 3307 1061 3385 atqueoapta
1083 3307 1143 3380 est,
1160 3299 1237 3363 nihil
1259 3306 1310 3363 est
1332 3297 1437 3363 inille

237 3397 315 3460 urbo
329 3405 442 3460 oontra
462 3397 545 3461 hanc
567 3397 818 3484 rempublicam,
834 3419 899 3460 non
914 3397 987 3462 dico
1001 3399 1130 3474 lactum,
1146 3399 1203 3462 sed
1219 3395 1436 3461 nihilomnino

238 3502 289 3558 est
310 3495 497 3580 cogitatum.
543 3493 651 3559 Multa
672 3504 784 3581 postea
805 3496 889 3560 bella
909 3505 1003 3582 gesta
1026 3518 1097 3560 cum
1123 3495 1260 3583 regrbus,
1278 3495 1436 3581 Philippo,

239 3592 411 3668 Antiocho,
437 3591 545 3668 Persa,
563 3593 839 3678 Pseudophilippo,
864 3594 1059 3669 Aristonico,
1085 3594 1275 3658 Mithridate
1298 3601 1332 3658 et
1354 3601 1438 3659 oete·

238 3689 300 3751 ris:
324 3687 424 3751 multa
437 3696 603 3773 praeterea
617 3687 699 3753 bella
712 3689 830 3774 gravia,
848 3688 1127 3774 Karthaginiense‚
1145 3691 1353 3768 corinthium,
1373 3691 1438 3755 Nu·
1526 3683 1531 3688 ⁵

204 3803 208 3810 ‘
239 3785 433 3848 montinum:
457 3786 577 3849 multae
601 3786 634 3848 in
659 3787 719 3850 hae
741 3808 777 3850 rc
798 3787 925 3871 publiea
946 3788 1118 3852 seditiones
1140 3789 1343 3866 domesticae,
1360 3809 1439 3872 quas

239 3881 480 3970 praetermitto:
504 3883 681 3947 bellacum
705 3883 809 3960 sociis,
835 3883 1069 3969 Fregellanum,
1098 3883 1292 3949 Marsicum:
1324 3885 1439 3969 quibus

273 4065 313 4112 ³³.
334 4063 363 4120 Q.
381 4061 494 4110 murum
520 4063 548 4120 Q.
561 4063 677 4126 Fabium]
704 4063 750 4110 ‘In
772 4077 822 4112 mc.
856 4063 1160 4113 CorinthrndNnmantie
1175 4064 1208 4128 by
1223 4063 1266 4112 the
1282 4063 1333 4113 sida
1346 4063 1440 4114 olCar-

109 4180 115 4189 ,
239 4131 297 4177 209.
331 4127 469 4175 Bntitwrs
481 4127 710 4176 utrumnam
727 4129 825 4176 accord·
857 4129 944 4190 thage:
962 4129 1019 4192 they
1038 4145 1100 4177 were
1119 4131 1209 4192 merely
1228 4135 1275 4177 two
1293 4135 1378 4187 towns,
1397 4137 1441 4180 not

240 4191 485 4253 ingtolaivyoede.
500 4190 543 4254 l).'
858 4195 1123 4256 twopowerlulstatos.
1158 4195 1258 4242 Corinth
1276 4195 1345 4242 medo
1361 4209 1392 4242 no
1403 4211 1441 4244 re-

273 4256 465 4318 anettaam]
479 4256 823 4319 AhermentIonlngthekings
856 4259 975 4317 atstanoe3
992 4259 1039 4306 and
1051 4259 1184 4306 Numanus
1200 4261 1220 4306 ia
1237 4259 1293 4321 only
1305 4261 1392 4306 lmown
1403 4261 1442 4310 lor

240 4321 299 4368 trith
310 4321 388 4366 whom
398 4320 441 4367 tbe
453 4321 559 4368 &mans
570 4321 618 4367 had
628 4321 722 4382 fought,
733 4323 780 4369 and
791 4337 824 4370 on
856 4324 899 4371 the
910 4324 1033 4386 desperate
1043 4323 1141 4372 delsnoe
1152 4323 1228 4372 which
1239 4325 1258 4371 it
1270 4325 1338 4372 mode
1349 4325 1443 4388 against

242 4385 286 4433 tbo
296 4385 375 4432 delent
385 4385 414 4432 ot
420 4387 479 4432 each
490 4387 538 4433 bad
548 4385 665 4433 extended
676 4386 739 4434 their
749 4387 826 4434 domi-
859 4387 939 4450 SprIo
950 4387 1076 4436 hln'oanns
1086 4389 1129 4436 tha
1140 4403 1245 4452 younger
1258 4403 1304 4438 mc.
1317 4391 1371 4438 134.

243 4451 323 4504 ulons,
335 4450 365 4496 hs
384 4451 503 4497 mentions
519 4452 563 4498 tbe
578 4465 638 4498 wara
655 4452 749 4511 agalnm
759 4453 827 4500 three
892 4453 1012 4514 Fregellse
1023 4469 1071 4500 uss
1082 4469 1096 4500 a
1106 4459 1171 4501 town
1189 4469 1221 4502 on
1241 4453 1283 4500 the
1301 4453 1371 4510 Lilia,
1383 4469 1443 4504 onoc

242 4515 370 4577 republioe,
381 4515 509 4577 Carthago,
529 4515 637 4572 Corinth,
648 4515 697 4563 and
715 4516 825 4564 Nnmsn-
858 4531 874 4564 a
883 4517 1024 4580 flourishing
1035 4518 1101 4581 place
1112 4518 1159 4566 and
1176 4517 1218 4567 the
1233 4517 1281 4580 nlly
1293 4517 1321 4566 ol
1330 4519 1407 4568 ltome
1417 4521 1443 4570 in

242 4580 285 4628 ἡ
325 4580 377 4628 mc
393 4580 414 4628 it
430 4595 508 4628 seems
526 4579 656 4630 ridiculosa
672 4585 700 4629 to
718 4582 827 4630 mention
857 4581 1028 4631 thsmwltb
1042 4581 1170 4632 Hannibsl.
1198 4581 1446 4651 ¹'l'heruuoltagainst
