3517 5325
314 487 378 551 216
638 476 774 542 ORA'l'.
798 473 889 538 PRO
914 472 956 536 A.
980 468 1187 537 CAECINA

315 662 462 720 nostrum
484 650 646 734 vitamque
668 645 822 733 pervenit,
839 643 896 708 sed
920 642 1017 708 etiam
1040 641 1142 706 multo
1165 637 1268 723 major
1291 659 1340 715 ea,
1361 656 1442 723 quae
1466 659 1520 724 pe-

315 753 415 818 riculo
430 748 543 814 mortis
557 747 676 830 injecto
702 743 870 808 formidine
895 741 1034 804 animum
1055 737 1261 824 perterritum
1283 735 1355 800 loco
1377 741 1520 819 saepest

317 857 405 916 certo
413 848 460 910 de
475 851 564 910 statu
586 844 742 907 demovet.
789 840 904 926 ltaque
924 837 1022 902 saucii
1045 858 1140 922 saepe
1163 834 1314 912 homines,
1331 854 1429 919 quum
1451 854 1520 896 cor-

318 967 397 1033 pore
413 943 627 1020 debilitantur,
643 940 748 1004 animo
772 946 879 1003 tamen
900 959 964 1000 non
985 935 1104 1000 cedunt
1127 955 1229 1018 neque
1253 953 1324 995 eum
1339 931 1520 1014 relinquunt

318 1044 422 1107 locum
437 1062 529 1126 quem
544 1037 718 1102 statuerint
733 1035 920 1099 defendere:
945 1041 981 1098 at
1002 1031 1055 1095 alii
1070 1029 1229 1117 pelluntur
1243 1028 1379 1114 integri;
1404 1035 1442 1092 ut
1457 1049 1521 1090 non

320 1141 449 1205 dubium
465 1138 508 1202 sit
521 1136 597 1222 quin
611 1135 714 1219 major
727 1132 871 1197 adhibita
882 1131 933 1200 ¹nis
956 1131 985 1195 ei
1008 1129 1060 1206 sit,
1077 1129 1168 1213 cujus
1187 1128 1312 1192 animus
1334 1126 1377 1190 sit
1400 1133 1521 1210 perter-

318 1238 410 1312 ritus,
426 1257 521 1321 quam
544 1233 588 1297 illi
615 1234 708 1318 cujus
731 1253 847 1317 corpus
869 1230 1069 1294 vulneratum
1092 1227 1146 1292 sit.
1191 1226 1283 1308 Quod
1309 1225 1337 1290 si
1360 1225 1390 1288 vi
1413 1225 1522 1310 pulsos

319 1334 454 1398 dicimus
479 1332 639 1396 exercitus
662 1352 732 1395 esse
758 1351 822 1406 eos,
847 1327 900 1414 qui
927 1334 1014 1391 metu
1043 1347 1081 1388 ac
1110 1324 1200 1390 tenui
1223 1344 1319 1409 saepe
1342 1323 1522 1408 suspicione

319 1431 449 1518 periculi
471 1430 632 1516 fugerunt,
649 1437 683 1493 et
706 1427 734 1492 si
759 1449 824 1490 non
847 1425 951 1490 solum
976 1424 1110 1510 impulsu
1134 1430 1299 1488 scutorum
1322 1442 1424 1506 neque
1448 1441 1522 1484 con-

320 1529 411 1593 llictu
426 1549 592 1612 corporum
607 1547 710 1610 neque
724 1526 791 1589 ictu
807 1522 951 1589 cominus
970 1542 1071 1606 neque
1093 1519 1291 1606 conjectione
1306 1518 1451 1594 telorum,
1466 1516 1523 1580 sed

320 1648 415 1711 saepe
432 1626 568 1689 clamore
583 1624 651 1708 ipso
673 1622 809 1687 militum
827 1628 885 1685 aut
908 1618 1119 1683 instructions
1142 1623 1335 1702 aspectuque
1359 1615 1523 1700 signorum

322 1743 456 1807 magnas
490 1719 598 1805 copias
626 1719 735 1805 pulsas
767 1740 837 1782 esse
868 1723 903 1781 et
930 1715 1066 1780 vidimus
1095 1723 1130 1780 et
1155 1714 1339 1789 audivimus,
1366 1735 1447 1800 quae
1476 1713 1525 1776 vis

323 1821 356 1882 in
370 1819 454 1882 bello
468 1817 653 1902 appellatur,
670 1839 709 1880 ea
730 1816 762 1880 in
777 1815 844 1880 otio
863 1837 927 1878 uon
950 1813 1183 1900 appellabitur?
1205 1821 1239 1878 et
1254 1813 1341 1899 quod
1356 1811 1525 1876 vehemens

323 1916 356 1978 in
380 1937 422 1983 re,
438 1914 569 1978 militari
592 1920 733 1999 putatur,
750 1913 783 1976 id
807 1912 875 1977 leve
901 1913 932 1975 in
955 1912 1018 1996 juri
1045 1910 1126 1975 civili
1146 1910 1362 1996 judicabitur?
1384 1917 1417 1973 et
1440 1908 1525 1993 quod

323 2013 485 2077 exercitus
499 2019 640 2076 armatos
654 2019 770 2080 movet.
787 2010 821 2074 id
834 2010 1075 2095 advocationem
1089 2016 1273 2096 togatorum
1288 2031 1351 2074 non
1365 2009 1526 2073 videbitur

323 2109 483 2174 movisset
505 2116 539 2173 et
561 2108 673 2172 vulnus
697 2106 842 2193 corporis
863 2107 965 2192 magis
991 2107 1086 2172 istam
1101 2106 1163 2170 vim
1184 2127 1279 2192 quam
1302 2113 1407 2170 terror
1428 2105 1525 2170 animi

324 2205 521 2272 declarabit!
542 2213 577 2270 et
596 2204 751 2270 sauciatio
773 2213 951 2290 quaeretur,
969 2226 1065 2288 quum
1089 2204 1194 2288 fugam
1218 2203 1336 2268 factam
1359 2225 1429 2268 esse
1453 2226 1526 2268 oon-

324 2305 445 2369 stabit!
489 2305 576 2368 Tuus
591 2303 676 2368 enim
690 2303 785 2368 testis
806 2303 868 2366 hoc
888 2301 977 2378 dixit,
994 2304 1082 2368 metu
1098 2301 1276 2387 perterritis
1291 2301 1409 2366 nostris
1430 2301 1528 2364 advo·

325 2402 406 2466 catis
431 2400 535 2464 locum
558 2422 675 2486 sequa
697 2401 876 2486 effugerent
900 2399 1147 2464 demonstrasse.
1193 2399 1255 2481 Qui
1281 2421 1344 2463 non
1370 2399 1465 2463 modo
1490 2405 1527 2463 nt

323 2501 481 2585 lugerent,
498 2500 554 2563 sed
578 2499 676 2563 etiam
698 2498 797 2584 ipsius
823 2497 918 2582 fugae
942 2503 1046 2562 tutam
1062 2496 1144 2560 riam
1166 2497 1397 2582 quaesiverunt,
1414 2495 1464 2560 his
1479 2495 1528 2560 vis

324 2597 470 2664 adhibita
494 2619 558 2663 nou
579 2596 759 2662 videbitur?
804 2594 888 2677 Quid
913 2593 1012 2681 igitur
1033 2593 1219 2681 fugiebant!
1241 2602 1370 2681 propter
1395 2599 1527 2657 metum.

326 2697 410 2778 Quid
425 2696 633 2761 metuebant?
655 2696 718 2760 vim
733 2695 890 2759 videlieet.
936 2692 1080 2759 Potestis
1103 2694 1202 2780 igitur
1220 2694 1374 2780 principia
1396 2714 1527 2778 negare,

324 2816 422 2880 quum
437 2801 581 2859 extrema
596 2793 794 2858 conceditis?
839 2790 975 2877 Fugisse
990 2791 1178 2876 perterritos
1198 2790 1413 2857 confitemini:
1438 2812 1529 2854 caus-

325 2915 394 2956 sam
415 2892 510 2977 fugae
533 2890 638 2955 dicitis
660 2891 805 2954 eamdem
827 2912 922 2975 quam
948 2911 1058 2953 omnes
1080 2888 1292 2975 intelligimus,
1309 2910 1407 2964 arma,
1424 2888 1547 2952 multi·

324 2989 468 3055 tudinem
482 2989 654 3065 hominum,
671 2987 879 3051 incursionem
900 2994 997 3071 atque
1017 2988 1170 3073 impetum
1184 2994 1390 3051 armatorum.
1435 2985 1530 3051 Haec

325 3087 380 3151 ubi
395 3087 613 3151 conceduntur
627 3106 697 3149 esse
711 3085 807 3160 facta,
823 3085 867 3147 ibi
884 3084 930 3149 vis
945 3085 1032 3149 facta
1047 3085 1238 3170 negabitur!

371 3184 473 3247 XVl.
497 3184 546 3248 At
561 3204 635 3246 vero
658 3182 717 3245 hoc
731 3182 857 3266 quidem
876 3182 945 3266 jam
959 3192 1051 3247 vetus
1075 3192 1126 3249 eat
1148 3192 1182 3249 st
1207 3182 1364 3267 majorum
1386 3182 1531 3267 exemplo

326 3279 436 3343 multis
450 3280 481 3341 in
497 3280 592 3343 rebus
607 3282 771 3353 usitatum,
788 3301 884 3364 quum
899 3280 940 3343 ad
956 3280 1018 3343 vim
1033 3282 1209 3346 faciendam
1224 3281 1391 3359 veniretur,
1409 3282 1435 3345 si
1450 3303 1531 3366 quos

325 3383 467 3440 armatos
481 3378 623 3459 quamvis
646 3376 755 3461 procul
774 3377 1025 3462 conspexissent,
1042 3386 1079 3443 ut
1101 3380 1213 3443 statim
1238 3380 1404 3444 testificati
1427 3380 1529 3443 disce-

327 3472 450 3546 derent,
466 3472 585 3557 optime
599 3473 800 3559 sponsionem
822 3475 927 3539 lacere
949 3483 1091 3561 possent,
1108 3498 1147 3539 nr
1171 3498 1347 3541 auvnnsus
1372 3498 1528 3541 uiuorum

328 3590 519 3633 susurnam
543 3592 596 3633 vis
628 3592 743 3635 sacra
766 3594 882 3637 assur.
939 3574 1032 3639 Itane
1057 3576 1154 3639 vero?
1182 3574 1264 3639 scire
1291 3598 1361 3640 esse
1386 3584 1530 3639 armatos

326 3742 380 3789 first
390 3756 444 3790 case
457 3742 478 3790 it
488 3742 509 3789 is
518 3756 534 3789 a
549 3742 674 3804 Dejectio;
690 3743 716 3791 iu
733 3742 775 3792 the
791 3744 887 3801 second,
898 3760 913 3793 a
945 3745 1065 3808 objection
1076 3750 1102 3795 to
1113 3746 1188 3796 them.

327 3807 478 3869 compulsory
497 3808 623 3855 surrendsr
642 3808 670 3855 of
685 3808 831 3857 Possession.
864 3810 914 3857 For
978 3812 1159 3860 advocationem
1177 3812 1329 3875 topalorum]
1357 3809 1410 3860 me
1442 3812 1531 3860 ‘adro-

326 3873 369 3920 the
380 3872 433 3919 first
443 3888 504 3931 crae,
515 3873 558 3921 the
567 3872 726 3921 Interdictum
736 3874 767 3921 de
777 3874 809 3922 Vi
819 3875 912 3922 iocata
945 3876 1019 3923 catio'
1030 3876 1052 3923 is
1063 3876 1104 3924 the
1120 3876 1184 3938 body
1196 3876 1223 3924 ol
1237 3876 1280 3924 the
1295 3876 1434 3935 ‘advocat'
1447 3876 1475 3924 ol
1489 3878 1533 3925 the

326 3936 435 3995 blished3
452 3937 490 3985 for
511 3938 553 3985 tha
574 3936 670 3993 secorrd,
693 3938 735 3984 tha
756 3940 827 3986 Actio
847 3939 913 4001 qaod
944 3942 1061 3988 unarmed
1072 3956 1127 3988 men
1138 3941 1193 3989 who
1209 3956 1272 3989 were
1288 3942 1378 3990 lnvited
1394 3948 1420 3989 to
1437 3956 1532 3990 maom-

327 4001 843 4065 metuamussa(Dlg.4.2.9343.16.t).”
856 4004 912 4063 (Sa.
945 4020 1010 4067 pany
1025 4004 1127 4055 Caecina
1141 4005 1219 4069 (metu
1234 4008 1365 4068 pertenin's
1382 4007 1471 4055 nostris
1488 4006 1532 4055 ad·

326 4066 407 4128 rigny,
425 4066 528 4127 System,
547 4068 591 4113 &c
613 4066 647 4113 iii.
667 4065 734 4128 101.)
772 4066 825 4114 The
842 4068 913 4115 Edict
945 4069 1054 4131 vocatis).

327 4130 453 4192 originally
464 4146 512 4177 was
524 4132 550 4177 in
561 4131 609 4177 thls
621 4130 691 4207 form.
704 4135 719 4158 ‘⁸
732 4130 805 4183 Quod
820 4133 844 4178 ri
861 4147 912 4180 ma·
980 4135 1018 4182 16.
1035 4139 1103 4183 velue
1115 4134 1162 4197 erl]
1183 4134 1228 4183 See
1239 4134 1286 4183 Pro
1299 4136 1326 4185 Ρ.
1339 4136 1448 4193 Quintio,
1457 4149 1478 4183 c.
1494 4136 1531 4193 17,

327 4200 417 4304 liliis
431 4200 799 4333 “dilladdttrvdd'rldilllilrlididn'
808 4197 914 4309 2¹1³?ss
945 4202 1010 4311 mill
1022 4262 1119 4325 rtatim]
1138 4264 1198 4311 'I'hls
1212 4263 1319 4326 depende
1332 4278 1364 4311 on
1380 4264 1533 4311 ‘usitatum'

327 4321 428 4369 omitted
446 4320 514 4397 (llig.
526 4326 549 4370 4.
561 4328 584 4373 2.
600 4321 632 4386 l).
947 4327 1053 4391 Perhaps
1079 4328 1134 4375 ‘at'
1153 4328 1196 4376 has
1218 4328 1280 4375 been
1302 4329 1403 4376 omitted
1425 4328 1533 4376 between

359 4390 492 4434 alatari-ml
510 4388 650 4451 defendere]
678 4388 733 4436 Tha
753 4388 838 4437 Ersnrt
864 4391 913 4439 and
946 4392 1120 4440 ‘discederent’
1144 4393 1192 4440 and
1215 4393 1323 4455 ‘optima
1349 4394 1504 4456 sponsionem
1515 4392 1531 4441 ι’

327 4450 398 4497 other
426 4449 499 4498 MSS.
521 4452 582 4499 hara
602 4454 771 4509 ‘statuerumt'
792 4454 839 4502 and
861 4456 912 4503 also
944 4456 1052 4504 but‘et’
1065 4456 1136 4504 isnot
1148 4472 1280 4519 necessary.

327 4514 494 4589 ‘reltpqnent’
514 4516 552 4564 lor
566 4518 720 4581 ‘relinquunt
727 4519 743 4575 ;'
760 4518 820 4567 both
835 4520 914 4571 which
978 4524 1005 4572 at
1017 4522 1143 4591 adversar]
1163 4522 1208 4570 Sea
1219 4522 1274 4571 Vol.
1284 4520 1305 4573 1.
1313 4522 1382 4571 Verr.
1398 4522 1422 4571 n„
1430 4524 1454 4571 t.
1461 4537 1482 4571 c
1492 4524 1533 4571 st.

326 4578 737 4641 mnngsssurerhuinhistuc
759 4584 913 4633 Therelsuo
