<?xml version="1.0" encoding="UTF-8"?>
<!DOCTYPE html PUBLIC "-//W3C//DTD XHTML 1.0 Transitional//EN"
    "http://www.w3.org/TR/xhtml1/DTD/xhtml1-transitional.dtd">
<html xmlns="http://www.w3.org/1999/xhtml" xml:lang="en" lang="en">
 <head>
  <title>
</title>
<meta http-equiv="Content-Type" content="text/html;charset=utf-8" />
  <meta name='ocr-system' content='tesseract 3.04.00' />
  <meta name='ocr-capabilities' content='ocr_page ocr_carea ocr_par ocr_line ocrx_word'/>
</head>
<body>
  <div class='ocr_page' id='page_1' title='image "./mtulliiciceroni02longgoog/mtulliiciceroni02longgoog_0502.png"; bbox 0 0 3517 5325; ppageno 0'>
   <div class='ocr_carea' id='block_1_1' title="bbox 694 440 1452 568">
    <p class='ocr_par' dir='ltr' id='par_1_1' title="bbox 694 440 1452 568">
     <span class='ocr_line' id='line_1_1' title="bbox 694 440 1452 568; baseline 0.005 -17"><span class='ocrx_word' id='word_1_1' title='bbox 694 440 702 451; x_wconf 69' lang='grc'><strong>’</strong></span> <span class='ocrx_word' id='word_1_2' title='bbox 731 484 832 553; x_wconf 79' lang='lat' dir='ltr'>cnr.</span> <span class='ocrx_word' id='word_1_3' title='bbox 856 489 886 568; x_wconf 88' lang='lat'>9,</span> <span class='ocrx_word' id='word_1_4' title='bbox 911 489 962 553; x_wconf 92' lang='lat'>10.</span> <span class='ocrx_word' id='word_1_5' title='bbox 1389 490 1452 556; x_wconf 84' lang='lat'>493</span> 
     </span>
    </p>
   </div>
   <div class='ocr_carea' id='block_1_2' title="bbox 243 653 1452 3095">
    <p class='ocr_par' dir='ltr' id='par_1_2' title="bbox 243 653 1452 3095">
     <span class='ocr_line' id='line_1_2' title="bbox 243 653 1450 746; baseline 0.004 -27"><span class='ocrx_word' id='word_1_6' title='bbox 243 655 326 719; x_wconf 79' lang='lat' dir='ltr'>ruit:</span> <span class='ocrx_word' id='word_1_7' title='bbox 362 653 402 735; x_wconf 78' lang='lat' dir='ltr'>Q.</span> <span class='ocrx_word' id='word_1_8' title='bbox 426 676 501 719; x_wconf 90' lang='lat' dir='ltr'>vero</span> <span class='ocrx_word' id='word_1_9' title='bbox 516 653 685 741; x_wconf 66' lang='lat' dir='ltr'>[Catulum</span> <span class='ocrx_word' id='word_1_10' title='bbox 710 664 834 743; x_wconf 87' lang='lat' dir='ltr'>patrem</span> <span class='ocrx_word' id='word_1_11' title='bbox 857 658 961 743; x_wconf 89' lang='lat' dir='ltr'>hujus,</span> <span class='ocrx_word' id='word_1_12' title='bbox 987 656 1020 721; x_wconf 93' lang='lat' dir='ltr'>in</span> <span class='ocrx_word' id='word_1_13' title='bbox 1047 680 1108 744; x_wconf 93' lang='lat' dir='ltr'>quo</span> <span class='ocrx_word' id='word_1_14' title='bbox 1134 680 1258 723; x_wconf 89' lang='lat' dir='ltr'>summa</span> <span class='ocrx_word' id='word_1_15' title='bbox 1283 658 1450 746; x_wconf 80' lang='lat' dir='ltr'>sapientia,</span> 
     </span>
     <span class='ocr_line' id='line_1_3' title="bbox 244 753 1451 843; baseline 0.003 -27"><span class='ocrx_word' id='word_1_16' title='bbox 244 753 361 817; x_wconf 85' lang='lat' dir='ltr'>eximia</span> <span class='ocrx_word' id='word_1_17' title='bbox 377 753 488 831; x_wconf 86' lang='lat' dir='ltr'>virtus,</span> <span class='ocrx_word' id='word_1_18' title='bbox 512 753 682 841; x_wconf 88' lang='lat' dir='ltr'>singularis</span> <span class='ocrx_word' id='word_1_19' title='bbox 703 756 883 821; x_wconf 88' lang='lat' dir='ltr'>humanitas</span> <span class='ocrx_word' id='word_1_20' title='bbox 904 756 985 829; x_wconf 80' lang='lat' dir='ltr'>suit;</span> <span class='ocrx_word' id='word_1_21' title='bbox 1012 755 1061 819; x_wconf 93' lang='lat' dir='ltr'>M.</span> <span class='ocrx_word' id='word_1_22' title='bbox 1086 756 1251 832; x_wconf 80' lang='lat' dir='ltr'>Scaurum,</span> <span class='ocrx_word' id='word_1_23' title='bbox 1275 756 1327 820; x_wconf 90' lang='lat' dir='ltr'>illa</span> <span class='ocrx_word' id='word_1_24' title='bbox 1349 758 1451 843; x_wconf 88' lang='lat' dir='ltr'>gravi-</span> 
     </span>
     <span class='ocr_line' id='line_1_4' title="bbox 243 851 1448 937; baseline 0.001 -21"><span class='ocrx_word' id='word_1_25' title='bbox 243 858 322 929; x_wconf 83' lang='lat' dir='ltr'>tate,</span> <span class='ocrx_word' id='word_1_26' title='bbox 347 851 400 917; x_wconf 92' lang='lat' dir='ltr'>illo</span> <span class='ocrx_word' id='word_1_27' title='bbox 423 851 562 931; x_wconf 91' lang='lat' dir='ltr'>consilio,</span> <span class='ocrx_word' id='word_1_28' title='bbox 590 852 644 915; x_wconf 91' lang='lat' dir='ltr'>illa</span> <span class='ocrx_word' id='word_1_29' title='bbox 667 853 857 937; x_wconf 70' lang='lat' dir='ltr'>prudentia,</span> <span class='ocrx_word' id='word_1_30' title='bbox 883 855 962 917; x_wconf 91' lang='lat' dir='ltr'>duos</span> <span class='ocrx_word' id='word_1_31' title='bbox 987 852 1123 931; x_wconf 88' lang='lat' dir='ltr'>Mucios,</span> <span class='ocrx_word' id='word_1_32' title='bbox 1150 853 1188 917; x_wconf 80' lang='lat' dir='ltr'>L.</span> <span class='ocrx_word' id='word_1_33' title='bbox 1213 854 1374 929; x_wconf 74' lang='lat' dir='ltr'>Crassum,</span> <span class='ocrx_word' id='word_1_34' title='bbox 1400 854 1448 917; x_wconf 93' lang='lat' dir='ltr'>M.</span> 
     </span>
     <span class='ocr_line' id='line_1_5' title="bbox 245 948 1450 1037; baseline 0.002 -24"><span class='ocrx_word' id='word_1_35' title='bbox 245 948 432 1028; x_wconf 83' lang='lat' dir='ltr'>Antonium,</span> <span class='ocrx_word' id='word_1_36' title='bbox 457 950 511 1036; x_wconf 92' lang='lat' dir='ltr'>qni</span> <span class='ocrx_word' id='word_1_37' title='bbox 534 957 604 1015; x_wconf 91' lang='lat' dir='ltr'>tum</span> <span class='ocrx_word' id='word_1_38' title='bbox 626 960 719 1015; x_wconf 80' lang='lat' dir='ltr'>extra</span> <span class='ocrx_word' id='word_1_39' title='bbox 734 950 859 1016; x_wconf 86' lang='lat' dir='ltr'>Urbem</span> <span class='ocrx_word' id='word_1_40' title='bbox 880 974 953 1016; x_wconf 92' lang='lat' dir='ltr'>cum</span> <span class='ocrx_word' id='word_1_41' title='bbox 974 952 1132 1037; x_wconf 87' lang='lat' dir='ltr'>praesidio</span> <span class='ocrx_word' id='word_1_42' title='bbox 1154 951 1234 1027; x_wconf 82' lang='lat' dir='ltr'>fuit3</span> <span class='ocrx_word' id='word_1_43' title='bbox 1264 972 1398 1036; x_wconf 92' lang='lat' dir='ltr'>quorum</span> <span class='ocrx_word' id='word_1_44' title='bbox 1417 952 1450 1015; x_wconf 91' lang='lat' dir='ltr'>in</span> 
     </span>
     <span class='ocr_line' id='line_1_6' title="bbox 243 1048 1450 1136; baseline 0.001 -24"><span class='ocrx_word' id='word_1_45' title='bbox 243 1048 305 1112; x_wconf 90' lang='lat' dir='ltr'>hac</span> <span class='ocrx_word' id='word_1_46' title='bbox 320 1048 449 1113; x_wconf 83' lang='lat' dir='ltr'>civitate</span> <span class='ocrx_word' id='word_1_47' title='bbox 470 1049 565 1135; x_wconf 90' lang='lat' dir='ltr'>longe</span> <span class='ocrx_word' id='word_1_48' title='bbox 587 1049 725 1113; x_wconf 79' lang='lat' dir='ltr'>maxima</span> <span class='ocrx_word' id='word_1_49' title='bbox 740 1050 872 1113; x_wconf 90' lang='lat' dir='ltr'>consilia</span> <span class='ocrx_word' id='word_1_50' title='bbox 893 1057 991 1135; x_wconf 85' lang='lat' dir='ltr'>atque</span> <span class='ocrx_word' id='word_1_51' title='bbox 1011 1049 1138 1136; x_wconf 92' lang='lat' dir='ltr'>ingenia</span> <span class='ocrx_word' id='word_1_52' title='bbox 1152 1050 1301 1123; x_wconf 86' lang='lat' dir='ltr'>suerunt;</span> <span class='ocrx_word' id='word_1_53' title='bbox 1326 1056 1450 1113; x_wconf 85' lang='lat' dir='ltr'>ceteros</span> 
     </span>
     <span class='ocr_line' id='line_1_7' title="bbox 244 1146 1448 1233; baseline 0.002 -24"><span class='ocrx_word' id='word_1_54' title='bbox 244 1146 313 1231; x_wconf 88' lang='lat' dir='ltr'>pari</span> <span class='ocrx_word' id='word_1_55' title='bbox 339 1146 496 1232; x_wconf 79' lang='lat' dir='ltr'>dignitate</span> <span class='ocrx_word' id='word_1_56' title='bbox 519 1146 692 1233; x_wconf 90' lang='lat' dir='ltr'>praeditos,</span> <span class='ocrx_word' id='word_1_57' title='bbox 720 1147 870 1212; x_wconf 74' lang='lat' dir='ltr'>custodes</span> <span class='ocrx_word' id='word_1_58' title='bbox 898 1148 1190 1233; x_wconf 80' lang='lat' dir='ltr'>gubernatoresque</span> <span class='ocrx_word' id='word_1_59' title='bbox 1219 1146 1265 1211; x_wconf 92' lang='lat' dir='ltr'>rei</span> <span class='ocrx_word' id='word_1_60' title='bbox 1295 1147 1448 1233; x_wconf 88' lang='lat' dir='ltr'>publicae,</span> 
     </span>
     <span class='ocr_line' id='line_1_8' title="bbox 244 1244 1450 1329; baseline 0 -22"><span class='ocrx_word' id='word_1_61' title='bbox 244 1245 508 1329; x_wconf 87' lang='lat' dir='ltr'>quemadmodum</span> <span class='ocrx_word' id='word_1_62' title='bbox 533 1252 677 1309; x_wconf 88' lang='lat' dir='ltr'>mortuos</span> <span class='ocrx_word' id='word_1_63' title='bbox 701 1245 926 1309; x_wconf 72' lang='lat' dir='ltr'>defendemus!</span> <span class='ocrx_word' id='word_1_64' title='bbox 971 1245 1055 1325; x_wconf 73' lang='lat' dir='ltr'>Quid</span> <span class='ocrx_word' id='word_1_65' title='bbox 1076 1246 1115 1309; x_wconf 91' lang='lat' dir='ltr'>de</span> <span class='ocrx_word' id='word_1_66' title='bbox 1137 1246 1198 1309; x_wconf 91' lang='lat' dir='ltr'>illis</span> <span class='ocrx_word' id='word_1_67' title='bbox 1219 1244 1450 1309; x_wconf 84' lang='lat' dir='ltr'>honestissimis</span> 
     </span>
     <span class='ocr_line' id='line_1_9' title="bbox 244 1343 1450 1431; baseline -0.001 -23"><span class='ocrx_word' id='word_1_68' title='bbox 244 1344 320 1408; x_wconf 86' lang='lat' dir='ltr'>viris</span> <span class='ocrx_word' id='word_1_69' title='bbox 341 1354 438 1430; x_wconf 87' lang='lat' dir='ltr'>atque</span> <span class='ocrx_word' id='word_1_70' title='bbox 462 1344 591 1431; x_wconf 89' lang='lat' dir='ltr'>optimis</span> <span class='ocrx_word' id='word_1_71' title='bbox 614 1344 746 1425; x_wconf 88' lang='lat' dir='ltr'>civibus,</span> <span class='ocrx_word' id='word_1_72' title='bbox 767 1345 928 1431; x_wconf 86' lang='lat' dir='ltr'>equitibus</span> <span class='ocrx_word' id='word_1_73' title='bbox 943 1344 1105 1423; x_wconf 87' lang='lat' dir='ltr'>Romanis,</span> <span class='ocrx_word' id='word_1_74' title='bbox 1130 1344 1281 1421; x_wconf 88' lang='lat' dir='ltr'>dicemus,</span> <span class='ocrx_word' id='word_1_75' title='bbox 1304 1343 1450 1428; x_wconf 91' lang='lat' dir='ltr'>quitum</span> 
     </span>
     <span class='ocr_line' id='line_1_10' title="bbox 244 1440 1450 1529; baseline -0.002 -24"><span class='ocrx_word' id='word_1_76' title='bbox 244 1464 308 1505; x_wconf 93' lang='lat' dir='ltr'>una</span> <span class='ocrx_word' id='word_1_77' title='bbox 323 1464 395 1506; x_wconf 88' lang='lat' dir='ltr'>curn</span> <span class='ocrx_word' id='word_1_78' title='bbox 410 1450 522 1506; x_wconf 88' lang='lat' dir='ltr'>senatu</span> <span class='ocrx_word' id='word_1_79' title='bbox 538 1442 672 1506; x_wconf 88' lang='lat' dir='ltr'>salutem</span> <span class='ocrx_word' id='word_1_80' title='bbox 687 1442 733 1506; x_wconf 91' lang='lat' dir='ltr'>rei</span> <span class='ocrx_word' id='word_1_81' title='bbox 748 1441 894 1529; x_wconf 90' lang='lat' dir='ltr'>publicae</span> <span class='ocrx_word' id='word_1_82' title='bbox 917 1442 1148 1507; x_wconf 69' lang='lat' dir='ltr'>defenderunt?</span> <span class='ocrx_word' id='word_1_83' title='bbox 1170 1441 1299 1527; x_wconf 92' lang='lat' dir='ltr'>quidde</span> <span class='ocrx_word' id='word_1_84' title='bbox 1314 1440 1450 1505; x_wconf 87' lang='lat' dir='ltr'>tribunis</span> 
     </span>
     <span class='ocr_line' id='line_1_11' title="bbox 244 1529 1450 1625; baseline -0.001 -21"><span class='ocrx_word' id='word_1_85' title='bbox 244 1529 376 1604; x_wconf 82' lang='lat' dir='ltr'>aerariis</span> <span class='ocrx_word' id='word_1_86' title='bbox 386 1548 628 1624; x_wconf 87' lang='lat' dir='ltr'>ceterorumque</span> <span class='ocrx_word' id='word_1_87' title='bbox 643 1540 788 1603; x_wconf 87' lang='lat' dir='ltr'>ordinum</span> <span class='ocrx_word' id='word_1_88' title='bbox 797 1540 936 1605; x_wconf 90' lang='lat' dir='ltr'>omnium</span> <span class='ocrx_word' id='word_1_89' title='bbox 946 1540 1134 1617; x_wconf 86' lang='lat' dir='ltr'>hominibus,</span> <span class='ocrx_word' id='word_1_90' title='bbox 1148 1539 1202 1625; x_wconf 91' lang='lat' dir='ltr'>qui</span> <span class='ocrx_word' id='word_1_91' title='bbox 1214 1546 1282 1603; x_wconf 90' lang='lat' dir='ltr'>tum</span> <span class='ocrx_word' id='word_1_92' title='bbox 1294 1560 1383 1603; x_wconf 88' lang='lat' dir='ltr'>arma</span> <span class='ocrx_word' id='word_1_93' title='bbox 1392 1561 1450 1623; x_wconf 91' lang='lat' dir='ltr'>pro</span> 
     </span>
     <span class='ocr_line' id='line_1_12' title="bbox 246 1637 1449 1724; baseline -0.002 -21"><span class='ocrx_word' id='word_1_94' title='bbox 246 1637 404 1703; x_wconf 90' lang='lat' dir='ltr'>communi</span> <span class='ocrx_word' id='word_1_95' title='bbox 425 1638 574 1703; x_wconf 85' lang='lat' dir='ltr'>libertate</span> <span class='ocrx_word' id='word_1_96' title='bbox 589 1640 764 1723; x_wconf 67' lang='lat' dir='ltr'>ceperunt?</span> <span class='ocrx_word' id='word_1_97' title='bbox 809 1638 856 1703; x_wconf 91' lang='lat' dir='ltr'>X.</span> <span class='ocrx_word' id='word_1_98' title='bbox 882 1638 946 1702; x_wconf 90' lang='lat' dir='ltr'>Sed</span> <span class='ocrx_word' id='word_1_99' title='bbox 961 1638 1036 1724; x_wconf 92' lang='lat' dir='ltr'>quid</span> <span class='ocrx_word' id='word_1_100' title='bbox 1051 1660 1111 1724; x_wconf 90' lang='lat' dir='ltr'>ego</span> <span class='ocrx_word' id='word_1_101' title='bbox 1127 1638 1167 1701; x_wconf 91' lang='lat' dir='ltr'>de</span> <span class='ocrx_word' id='word_1_102' title='bbox 1182 1638 1222 1701; x_wconf 89' lang='lat' dir='ltr'>iis</span> <span class='ocrx_word' id='word_1_103' title='bbox 1236 1637 1381 1701; x_wconf 89' lang='lat' dir='ltr'>omnibus</span> <span class='ocrx_word' id='word_1_104' title='bbox 1395 1637 1449 1723; x_wconf 92' lang='lat' dir='ltr'>qui</span> 
     </span>
     <span class='ocr_line' id='line_1_13' title="bbox 247 1735 1450 1824; baseline 0.001 -24"><span class='ocrx_word' id='word_1_105' title='bbox 247 1735 405 1800; x_wconf 89' lang='lat' dir='ltr'>consulari</span> <span class='ocrx_word' id='word_1_106' title='bbox 430 1736 563 1822; x_wconf 91' lang='lat' dir='ltr'>imperio</span> <span class='ocrx_word' id='word_1_107' title='bbox 588 1746 763 1822; x_wconf 88' lang='lat' dir='ltr'>paruerunt</span> <span class='ocrx_word' id='word_1_108' title='bbox 787 1738 921 1824; x_wconf 73' lang='lat' dir='ltr'>loquor!</span> <span class='ocrx_word' id='word_1_109' title='bbox 944 1738 984 1802; x_wconf 92' lang='lat' dir='ltr'>de</span> <span class='ocrx_word' id='word_1_110' title='bbox 1009 1737 1150 1823; x_wconf 90' lang='lat' dir='ltr'>ipsorum</span> <span class='ocrx_word' id='word_1_111' title='bbox 1176 1737 1341 1801; x_wconf 91' lang='lat' dir='ltr'>consulum</span> <span class='ocrx_word' id='word_1_112' title='bbox 1364 1738 1450 1801; x_wconf 85' lang='lat' dir='ltr'>fama</span> 
     </span>
     <span class='ocr_line' id='line_1_14' title="bbox 247 1833 1450 1922; baseline 0.002 -25"><span class='ocrx_word' id='word_1_113' title='bbox 247 1833 323 1919; x_wconf 91' lang='lat' dir='ltr'>quid</span> <span class='ocrx_word' id='word_1_114' title='bbox 351 1834 493 1899; x_wconf 79' lang='lat' dir='ltr'>futurum</span> <span class='ocrx_word' id='word_1_115' title='bbox 522 1837 596 1900; x_wconf 77' lang='lat' dir='ltr'>esti</span> <span class='ocrx_word' id='word_1_116' title='bbox 642 1835 678 1900; x_wconf 91' lang='lat' dir='ltr'>L.</span> <span class='ocrx_word' id='word_1_117' title='bbox 706 1836 869 1915; x_wconf 88' lang='lat' dir='ltr'>Flaccum,</span> <span class='ocrx_word' id='word_1_118' title='bbox 901 1836 1061 1900; x_wconf 90' lang='lat' dir='ltr'>hominem</span> <span class='ocrx_word' id='word_1_119' title='bbox 1086 1858 1183 1922; x_wconf 91' lang='lat' dir='ltr'>quum</span> <span class='ocrx_word' id='word_1_120' title='bbox 1209 1856 1334 1920; x_wconf 89' lang='lat' dir='ltr'>semper</span> <span class='ocrx_word' id='word_1_121' title='bbox 1359 1834 1450 1899; x_wconf 88' lang='lat' dir='ltr'>inre</span> 
     </span>
     <span class='ocr_line' id='line_1_15' title="bbox 246 1932 1450 2019; baseline 0 -22"><span class='ocrx_word' id='word_1_122' title='bbox 246 1932 383 2019; x_wconf 89' lang='lat' dir='ltr'>publica,</span> <span class='ocrx_word' id='word_1_123' title='bbox 407 1942 479 1999; x_wconf 90' lang='lat' dir='ltr'>tum</span> <span class='ocrx_word' id='word_1_124' title='bbox 497 1934 530 1997; x_wconf 92' lang='lat' dir='ltr'>in</span> <span class='ocrx_word' id='word_1_125' title='bbox 549 1933 792 2017; x_wconf 85' lang='lat' dir='ltr'>magistratibus</span> <span class='ocrx_word' id='word_1_126' title='bbox 805 1934 963 2019; x_wconf 84' lang='lat' dir='ltr'>gerendis,</span> <span class='ocrx_word' id='word_1_127' title='bbox 987 1934 1019 1997; x_wconf 94' lang='lat' dir='ltr'>in</span> <span class='ocrx_word' id='word_1_128' title='bbox 1037 1934 1215 1998; x_wconf 89' lang='lat' dir='ltr'>sacerdotio</span> <span class='ocrx_word' id='word_1_129' title='bbox 1237 1932 1450 1997; x_wconf 89' lang='lat' dir='ltr'>caerimoniis·</span> 
     </span>
     <span class='ocr_line' id='line_1_16' title="bbox 247 2029 1452 2117; baseline 0.001 -23"><span class='ocrx_word' id='word_1_130' title='bbox 247 2054 309 2117; x_wconf 87' lang='lat' dir='ltr'>que</span> <span class='ocrx_word' id='word_1_131' title='bbox 331 2031 445 2117; x_wconf 93' lang='lat' dir='ltr'>quibus</span> <span class='ocrx_word' id='word_1_132' title='bbox 466 2039 613 2117; x_wconf 85' lang='lat' dir='ltr'>praeerat</span> <span class='ocrx_word' id='word_1_133' title='bbox 634 2032 919 2117; x_wconf 88' lang='lat' dir='ltr'>diligentissimum,</span> <span class='ocrx_word' id='word_1_134' title='bbox 945 2031 1056 2097; x_wconf 83' lang='lat' dir='ltr'>nefarii</span> <span class='ocrx_word' id='word_1_135' title='bbox 1077 2031 1207 2097; x_wconf 90' lang='lat' dir='ltr'>sceleris</span> <span class='ocrx_word' id='word_1_136' title='bbox 1229 2053 1267 2095; x_wconf 89' lang='lat' dir='ltr'>ae</span> <span class='ocrx_word' id='word_1_137' title='bbox 1291 2029 1452 2117; x_wconf 88' lang='lat' dir='ltr'>parricidii</span> 
     </span>
     <span class='ocr_line' id='line_1_17' title="bbox 247 2130 1450 2218; baseline -0.001 -24"><span class='ocrx_word' id='word_1_138' title='bbox 247 2138 407 2195; x_wconf 89' lang='lat' dir='ltr'>mortuum</span> <span class='ocrx_word' id='word_1_139' title='bbox 436 2130 736 2195; x_wconf 69' lang='lat' dir='ltr'>condemnabimus?</span> <span class='ocrx_word' id='word_1_140' title='bbox 768 2132 980 2218; x_wconf 85' lang='lat' dir='ltr'>adjungemus</span> <span class='ocrx_word' id='word_1_141' title='bbox 1004 2130 1046 2194; x_wconf 91' lang='lat' dir='ltr'>ad</span> <span class='ocrx_word' id='word_1_142' title='bbox 1075 2130 1156 2194; x_wconf 83' lang='lat' dir='ltr'>hane</span> <span class='ocrx_word' id='word_1_143' title='bbox 1185 2130 1290 2194; x_wconf 89' lang='lat' dir='ltr'>labem</span> <span class='ocrx_word' id='word_1_144' title='bbox 1319 2130 1450 2215; x_wconf 88' lang='lat' dir='ltr'>ignomi-</span> 
     </span>
     <span class='ocr_line' id='line_1_18' title="bbox 247 2228 1451 2314; baseline -0.002 -23"><span class='ocrx_word' id='word_1_145' title='bbox 247 2228 395 2314; x_wconf 90' lang='lat' dir='ltr'>niamque</span> <span class='ocrx_word' id='word_1_146' title='bbox 414 2229 526 2294; x_wconf 86' lang='lat' dir='ltr'>mortis</span> <span class='ocrx_word' id='word_1_147' title='bbox 549 2228 647 2294; x_wconf 86' lang='lat' dir='ltr'>etiam</span> <span class='ocrx_word' id='word_1_148' title='bbox 671 2228 708 2293; x_wconf 82' lang='lat'>0.</span> <span class='ocrx_word' id='word_1_149' title='bbox 726 2228 824 2292; x_wconf 89' lang='lat' dir='ltr'>Marii</span> <span class='ocrx_word' id='word_1_150' title='bbox 849 2231 985 2294; x_wconf 70' lang='lat' dir='ltr'>nomen?</span> <span class='ocrx_word' id='word_1_151' title='bbox 1029 2229 1066 2293; x_wconf 82' lang='grc' dir='ltr'>Ο.</span> <span class='ocrx_word' id='word_1_152' title='bbox 1085 2228 1235 2305; x_wconf 89' lang='lat' dir='ltr'>Marium,</span> <span class='ocrx_word' id='word_1_153' title='bbox 1263 2248 1355 2310; x_wconf 92' lang='lat' dir='ltr'>quem</span> <span class='ocrx_word' id='word_1_154' title='bbox 1378 2247 1451 2290; x_wconf 84' lang='lat' dir='ltr'>vere</span> 
     </span>
     <span class='ocr_line' id='line_1_19' title="bbox 248 2325 1451 2412; baseline -0.003 -21"><span class='ocrx_word' id='word_1_155' title='bbox 248 2333 371 2412; x_wconf 84' lang='lat' dir='ltr'>patrem</span> <span class='ocrx_word' id='word_1_156' title='bbox 392 2327 526 2411; x_wconf 85' lang='lat' dir='ltr'>patriae,</span> <span class='ocrx_word' id='word_1_157' title='bbox 549 2333 723 2412; x_wconf 86' lang='lat' dir='ltr'>parentem,</span> <span class='ocrx_word' id='word_1_158' title='bbox 739 2327 877 2411; x_wconf 89' lang='lat' dir='ltr'>inquam,</span> <span class='ocrx_word' id='word_1_159' title='bbox 894 2335 1017 2391; x_wconf 86' lang='lat' dir='ltr'>vestrae</span> <span class='ocrx_word' id='word_1_160' title='bbox 1036 2326 1194 2390; x_wconf 84' lang='lat' dir='ltr'>libertatis</span> <span class='ocrx_word' id='word_1_161' title='bbox 1208 2332 1304 2408; x_wconf 85' lang='lat' dir='ltr'>atque</span> <span class='ocrx_word' id='word_1_162' title='bbox 1319 2325 1451 2408; x_wconf 86' lang='lat' dir='ltr'>hujusce</span> 
     </span>
     <span class='ocr_line' id='line_1_20' title="bbox 248 2420 1452 2509; baseline -0.004 -22"><span class='ocrx_word' id='word_1_163' title='bbox 248 2424 294 2488; x_wconf 91' lang='lat' dir='ltr'>rei</span> <span class='ocrx_word' id='word_1_164' title='bbox 309 2423 454 2509; x_wconf 89' lang='lat' dir='ltr'>publicae</span> <span class='ocrx_word' id='word_1_165' title='bbox 468 2446 636 2509; x_wconf 86' lang='lat' dir='ltr'>possumus</span> <span class='ocrx_word' id='word_1_166' title='bbox 651 2423 766 2501; x_wconf 89' lang='lat' dir='ltr'>dicere,</span> <span class='ocrx_word' id='word_1_167' title='bbox 786 2423 916 2487; x_wconf 91' lang='lat' dir='ltr'>sceleris</span> <span class='ocrx_word' id='word_1_168' title='bbox 936 2445 974 2487; x_wconf 88' lang='lat' dir='ltr'>ac</span> <span class='ocrx_word' id='word_1_169' title='bbox 989 2423 1149 2507; x_wconf 89' lang='lat' dir='ltr'>parricidii</span> <span class='ocrx_word' id='word_1_170' title='bbox 1164 2420 1275 2485; x_wconf 82' lang='lat' dir='ltr'>nefarii</span> <span class='ocrx_word' id='word_1_171' title='bbox 1290 2428 1452 2483; x_wconf 90' lang='lat' dir='ltr'>mortuum</span> 
     </span>
     <span class='ocr_line' id='line_1_21' title="bbox 248 2518 1452 2603; baseline -0.004 -17"><span class='ocrx_word' id='word_1_172' title='bbox 248 2522 547 2587; x_wconf 63' lang='lat' dir='ltr'>condemnabimus?</span> <span class='ocrx_word' id='word_1_173' title='bbox 591 2521 721 2584; x_wconf 89' lang='lat' dir='ltr'>Etenim</span> <span class='ocrx_word' id='word_1_174' title='bbox 735 2522 763 2583; x_wconf 92' lang='lat' dir='ltr'>si</span> <span class='ocrx_word' id='word_1_175' title='bbox 779 2520 814 2585; x_wconf 80' lang='lat' dir='ltr'>O.</span> <span class='ocrx_word' id='word_1_176' title='bbox 832 2520 973 2595; x_wconf 83' lang='lat' dir='ltr'>Rabirio,</span> <span class='ocrx_word' id='word_1_177' title='bbox 998 2520 1082 2603; x_wconf 91' lang='lat' dir='ltr'>quod</span> <span class='ocrx_word' id='word_1_178' title='bbox 1102 2518 1140 2582; x_wconf 87' lang='lat' dir='ltr'>iit</span> <span class='ocrx_word' id='word_1_179' title='bbox 1154 2518 1196 2581; x_wconf 90' lang='lat' dir='ltr'>ad</span> <span class='ocrx_word' id='word_1_180' title='bbox 1210 2540 1306 2595; x_wconf 86' lang='lat' dir='ltr'>arma,</span> <span class='ocrx_word' id='word_1_181' title='bbox 1325 2540 1452 2581; x_wconf 90' lang='lat' dir='ltr'>erucem</span> 
     </span>
     <span class='ocr_line' id='line_1_22' title="bbox 250 2614 1452 2706; baseline -0.002 -21"><span class='ocrx_word' id='word_1_182' title='bbox 250 2621 287 2686; x_wconf 84' lang='lat' dir='ltr'>T.</span> <span class='ocrx_word' id='word_1_183' title='bbox 309 2620 470 2686; x_wconf 88' lang='lat' dir='ltr'>Labienus</span> <span class='ocrx_word' id='word_1_184' title='bbox 492 2620 525 2682; x_wconf 91' lang='lat' dir='ltr'>in</span> <span class='ocrx_word' id='word_1_185' title='bbox 548 2640 660 2706; x_wconf 89' lang='lat' dir='ltr'>eampo</span> <span class='ocrx_word' id='word_1_186' title='bbox 685 2617 807 2682; x_wconf 87' lang='lat' dir='ltr'>Martio</span> <span class='ocrx_word' id='word_1_187' title='bbox 833 2616 1033 2703; x_wconf 88' lang='lat' dir='ltr'>defigendam</span> <span class='ocrx_word' id='word_1_188' title='bbox 1056 2616 1188 2702; x_wconf 87' lang='lat' dir='ltr'>putavit,</span> <span class='ocrx_word' id='word_1_189' title='bbox 1214 2614 1298 2702; x_wconf 92' lang='lat' dir='ltr'>quod</span> <span class='ocrx_word' id='word_1_190' title='bbox 1321 2616 1452 2682; x_wconf 89' lang='lat' dir='ltr'>tandem</span> 
     </span>
     <span class='ocr_line' id='line_1_23' title="bbox 248 2713 1452 2806; baseline -0.005 -22"><span class='ocrx_word' id='word_1_191' title='bbox 248 2719 485 2806; x_wconf 86' lang='lat' dir='ltr'>excogitabitur</span> <span class='ocrx_word' id='word_1_192' title='bbox 510 2717 542 2780; x_wconf 92' lang='lat' dir='ltr'>in</span> <span class='ocrx_word' id='word_1_193' title='bbox 566 2739 637 2781; x_wconf 91' lang='lat' dir='ltr'>eum</span> <span class='ocrx_word' id='word_1_194' title='bbox 660 2715 847 2802; x_wconf 89' lang='lat' dir='ltr'>supplicium</span> <span class='ocrx_word' id='word_1_195' title='bbox 862 2715 915 2800; x_wconf 94' lang='lat' dir='ltr'>qui</span> <span class='ocrx_word' id='word_1_196' title='bbox 930 2714 1075 2780; x_wconf 64' lang='lat' dir='ltr'>vocavit?</span> <span class='ocrx_word' id='word_1_197' title='bbox 1121 2713 1172 2778; x_wconf 83' lang='lat' dir='ltr'>Ac</span> <span class='ocrx_word' id='word_1_198' title='bbox 1188 2713 1216 2778; x_wconf 90' lang='lat' dir='ltr'>si</span> <span class='ocrx_word' id='word_1_199' title='bbox 1236 2714 1316 2777; x_wconf 90' lang='lat' dir='ltr'>fides</span> <span class='ocrx_word' id='word_1_200' title='bbox 1340 2715 1452 2780; x_wconf 91' lang='lat' dir='ltr'>Satur-</span> 
     </span>
     <span class='ocr_line' id='line_1_24' title="bbox 248 2811 1451 2900; baseline -0.004 -19"><span class='ocrx_word' id='word_1_201' title='bbox 248 2817 323 2882; x_wconf 88' lang='lat' dir='ltr'>nino</span> <span class='ocrx_word' id='word_1_202' title='bbox 339 2818 416 2880; x_wconf 88' lang='lat' dir='ltr'>data</span> <span class='ocrx_word' id='word_1_203' title='bbox 429 2823 489 2890; x_wconf 87' lang='lat' dir='ltr'>est,</span> <span class='ocrx_word' id='word_1_204' title='bbox 506 2814 590 2900; x_wconf 91' lang='lat' dir='ltr'>quod</span> <span class='ocrx_word' id='word_1_205' title='bbox 611 2815 669 2877; x_wconf 89' lang='lat' dir='ltr'>abs</span> <span class='ocrx_word' id='word_1_206' title='bbox 689 2821 723 2878; x_wconf 88' lang='lat' dir='ltr'>te</span> <span class='ocrx_word' id='word_1_207' title='bbox 743 2812 926 2898; x_wconf 88' lang='lat' dir='ltr'>saepissime</span> <span class='ocrx_word' id='word_1_208' title='bbox 942 2811 1065 2890; x_wconf 89' lang='lat' dir='ltr'>dicitur,</span> <span class='ocrx_word' id='word_1_209' title='bbox 1082 2834 1147 2876; x_wconf 90' lang='lat' dir='ltr'>uon</span> <span class='ocrx_word' id='word_1_210' title='bbox 1161 2833 1231 2876; x_wconf 89' lang='lat' dir='ltr'>eam</span> <span class='ocrx_word' id='word_1_211' title='bbox 1247 2811 1284 2876; x_wconf 71' lang='lat' dir='ltr'>(i.</span> <span class='ocrx_word' id='word_1_212' title='bbox 1302 2812 1451 2877; x_wconf 85' lang='lat' dir='ltr'>Rabirius</span> 
     </span>
     <span class='ocr_line' id='line_1_25' title="bbox 249 2909 1451 2997; baseline -0.005 -16"><span class='ocrx_word' id='word_1_213' title='bbox 249 2917 305 2981; x_wconf 87' lang='lat' dir='ltr'>scd</span> <span class='ocrx_word' id='word_1_214' title='bbox 322 2914 358 2980; x_wconf 82' lang='grc' dir='ltr'>Ο.</span> <span class='ocrx_word' id='word_1_215' title='bbox 377 2913 501 2977; x_wconf 88' lang='lat' dir='ltr'>Marius</span> <span class='ocrx_word' id='word_1_216' title='bbox 521 2911 619 2988; x_wconf 86' lang='lat' dir='ltr'>dedit,</span> <span class='ocrx_word' id='word_1_217' title='bbox 640 2911 785 2997; x_wconf 91' lang='lat' dir='ltr'>idemque</span> <span class='ocrx_word' id='word_1_218' title='bbox 801 2911 939 2990; x_wconf 85' lang='lat' dir='ltr'>violavit,</span> <span class='ocrx_word' id='word_1_219' title='bbox 963 2909 990 2974; x_wconf 88' lang='lat' dir='ltr'>si</span> <span class='ocrx_word' id='word_1_220' title='bbox 1011 2909 1043 2973; x_wconf 93' lang='lat' dir='ltr'>in</span> <span class='ocrx_word' id='word_1_221' title='bbox 1059 2909 1120 2974; x_wconf 90' lang='lat' dir='ltr'>fide</span> <span class='ocrx_word' id='word_1_222' title='bbox 1135 2931 1198 2974; x_wconf 92' lang='lat' dir='ltr'>non</span> <span class='ocrx_word' id='word_1_223' title='bbox 1213 2909 1315 2974; x_wconf 84' lang='lat' dir='ltr'>stetit.</span> <span class='ocrx_word' id='word_1_224' title='bbox 1362 2911 1451 2990; x_wconf 78' lang='lat' dir='ltr'>Quae</span> 
     </span>
     <span class='ocr_line' id='line_1_26' title="bbox 248 3007 1451 3095; baseline -0.003 -16"><span class='ocrx_word' id='word_1_225' title='bbox 248 3015 337 3092; x_wconf 89' lang='lat' dir='ltr'>fides,</span> <span class='ocrx_word' id='word_1_226' title='bbox 370 3011 518 3087; x_wconf 88' lang='lat' dir='ltr'>Labiene,</span> <span class='ocrx_word' id='word_1_227' title='bbox 550 3007 604 3095; x_wconf 92' lang='lat' dir='ltr'>qui</span> <span class='ocrx_word' id='word_1_228' title='bbox 632 3007 739 3093; x_wconf 85' lang='lat' dir='ltr'>potuit</span> <span class='ocrx_word' id='word_1_229' title='bbox 767 3009 836 3074; x_wconf 88' lang='lat' dir='ltr'>sine</span> <span class='ocrx_word' id='word_1_230' title='bbox 864 3007 1140 3073; x_wconf 88' lang='lat' dir='ltr'>senatusconsulto</span> <span class='ocrx_word' id='word_1_231' title='bbox 1170 3007 1259 3071; x_wconf 79' lang='lat' dir='ltr'>darii</span> <span class='ocrx_word' id='word_1_232' title='bbox 1316 3008 1451 3074; x_wconf 87' lang='lat' dir='ltr'>Adeone</span> 
     </span>
    </p>
   </div>
   <div class='ocr_carea' id='block_1_3' title="bbox 249 3241 1451 4538">
    <p class='ocr_par' dir='ltr' id='par_1_3' title="bbox 249 3241 1451 4538">
     <span class='ocr_line' id='line_1_27' title="bbox 249 3241 1450 3306; baseline -0.004 -11"><span class='ocrx_word' id='word_1_233' title='bbox 249 3247 278 3295; x_wconf 89' lang='lat' dir='ltr'>in</span> <span class='ocrx_word' id='word_1_234' title='bbox 291 3246 334 3294; x_wconf 87' lang='lat' dir='ltr'>the</span> <span class='ocrx_word' id='word_1_235' title='bbox 350 3245 461 3303; x_wconf 75' lang='lat' dir='ltr'>formula,</span> <span class='ocrx_word' id='word_1_236' title='bbox 479 3243 526 3292; x_wconf 84' lang='lat' dir='ltr'>‘Se</span> <span class='ocrx_word' id='word_1_237' title='bbox 547 3241 631 3292; x_wconf 77' lang='lat' dir='ltr'>hande</span> <span class='ocrx_word' id='word_1_238' title='bbox 648 3241 718 3300; x_wconf 60' lang='lat' dir='ltr'>estol</span> <span class='ocrx_word' id='word_1_239' title='bbox 736 3243 790 3292; x_wconf 81' lang='lat' dir='ltr'>that</span> <span class='ocrx_word' id='word_1_240' title='bbox 805 3244 834 3299; x_wconf 84' lang='lat' dir='ltr'>is,</span> <span class='ocrx_word' id='word_1_241' title='bbox 903 3245 941 3292; x_wconf 86' lang='lat'>10.</span> <span class='ocrx_word' id='word_1_242' title='bbox 954 3246 1053 3305; x_wconf 79' lang='lat' dir='ltr'>patrem</span> <span class='ocrx_word' id='word_1_243' title='bbox 1069 3243 1190 3306; x_wconf 72' lang='lat' dir='ltr'>patrica]</span> <span class='ocrx_word' id='word_1_244' title='bbox 1208 3241 1268 3292; x_wconf 83' lang='lat' dir='ltr'>&#39;Ibis</span> <span class='ocrx_word' id='word_1_245' title='bbox 1287 3257 1336 3290; x_wconf 76' lang='lat' dir='ltr'>aas</span> <span class='ocrx_word' id='word_1_246' title='bbox 1354 3257 1385 3290; x_wconf 91' lang='lat' dir='ltr'>an</span> <span class='ocrx_word' id='word_1_247' title='bbox 1407 3257 1450 3304; x_wconf 84' lang='lat' dir='ltr'>ap·</span> 
     </span>
     <span class='ocr_line' id='line_1_28' title="bbox 251 3307 1451 3374; baseline -0.002 -14"><span class='ocrx_word' id='word_1_248' title='bbox 251 3311 421 3374; x_wconf 81' lang='lat' dir='ltr'>‘sinepoena&#39;</span> <span class='ocrx_word' id='word_1_249' title='bbox 460 3311 546 3372; x_wconf 89' lang='lat' dir='ltr'>Comp.</span> <span class='ocrx_word' id='word_1_250' title='bbox 559 3309 661 3365; x_wconf 81' lang='lat' dir='ltr'>Horace,</span> <span class='ocrx_word' id='word_1_251' title='bbox 673 3308 781 3356; x_wconf 78' lang='lat' dir='ltr'>Carmi.</span> <span class='ocrx_word' id='word_1_252' title='bbox 796 3311 834 3359; x_wconf 80' lang='lat' dir='ltr'>la.</span> <span class='ocrx_word' id='word_1_253' title='bbox 867 3308 982 3372; x_wconf 80' lang='lat' dir='ltr'>pellation</span> <span class='ocrx_word' id='word_1_254' title='bbox 1003 3307 1082 3356; x_wconf 81' lang='lat' dir='ltr'>which</span> <span class='ocrx_word' id='word_1_255' title='bbox 1099 3307 1182 3357; x_wconf 86' lang='lat' dir='ltr'>Cicero</span> <span class='ocrx_word' id='word_1_256' title='bbox 1201 3307 1300 3356; x_wconf 80' lang='lat' dir='ltr'>himself</span> <span class='ocrx_word' id='word_1_257' title='bbox 1314 3307 1451 3358; x_wconf 78' lang='lat' dir='ltr'>alterasrds</span> 
     </span>
     <span class='ocr_line' id='line_1_29' title="bbox 286 3372 1355 3435; baseline -0.006 -11"><span class='ocrx_word' id='word_1_258' title='bbox 286 3377 312 3424; x_wconf 80' lang='lat' dir='ltr'>li</span> <span class='ocrx_word' id='word_1_259' title='bbox 320 3376 432 3424; x_wconf 82' lang='lat' dir='ltr'>Rabirius</span> <span class='ocrx_word' id='word_1_260' title='bbox 443 3375 485 3423; x_wconf 93' lang='lat' dir='ltr'>did</span> <span class='ocrx_word' id='word_1_261' title='bbox 495 3375 595 3424; x_wconf 85' lang='lat' dir='ltr'>commit</span> <span class='ocrx_word' id='word_1_262' title='bbox 605 3390 620 3421; x_wconf 92' lang='lat' dir='ltr'>a</span> <span class='ocrx_word' id='word_1_263' title='bbox 634 3374 723 3435; x_wconf 86' lang='lat' dir='ltr'>capital</span> <span class='ocrx_word' id='word_1_264' title='bbox 734 3375 834 3432; x_wconf 78' lang='lat' dir='ltr'>offanae,</span> <span class='ocrx_word' id='word_1_265' title='bbox 866 3372 975 3422; x_wconf 84' lang='lat' dir='ltr'>received</span> <span class='ocrx_word' id='word_1_266' title='bbox 985 3390 1026 3420; x_wconf 72' lang='grc' dir='ltr'>ε-</span> <span class='ocrx_word' id='word_1_267' title='bbox 1350 3415 1355 3424; x_wconf 95' lang='grc'>,</span> 
     </span>
     <span class='ocr_line' id='line_1_30' title="bbox 252 3437 1357 3504; baseline -0.004 -15"><span class='ocrx_word' id='word_1_268' title='bbox 252 3441 290 3489; x_wconf 92' lang='lat' dir='ltr'>his</span> <span class='ocrx_word' id='word_1_269' title='bbox 307 3442 392 3504; x_wconf 78' lang='lat' dir='ltr'>youth,</span> <span class='ocrx_word' id='word_1_270' title='bbox 404 3440 442 3488; x_wconf 82' lang='lat' dir='ltr'>for</span> <span class='ocrx_word' id='word_1_271' title='bbox 458 3441 489 3488; x_wconf 87' lang='lat' dir='ltr'>he</span> <span class='ocrx_word' id='word_1_272' title='bbox 506 3455 554 3486; x_wconf 75' lang='lat' dir='ltr'>aas</span> <span class='ocrx_word' id='word_1_273' title='bbox 570 3440 630 3487; x_wconf 83' lang='lat' dir='ltr'>then</span> <span class='ocrx_word' id='word_1_274' title='bbox 640 3455 656 3486; x_wconf 92' lang='lat' dir='ltr'>a</span> <span class='ocrx_word' id='word_1_275' title='bbox 671 3453 753 3501; x_wconf 75' lang='lat' dir='ltr'>young</span> <span class='ocrx_word' id='word_1_276' title='bbox 769 3454 833 3497; x_wconf 87' lang='lat' dir='ltr'>man,</span> <span class='ocrx_word' id='word_1_277' title='bbox 1064 3437 1131 3486; x_wconf 84' lang='lat' dir='ltr'>“Sed</span> <span class='ocrx_word' id='word_1_278' title='bbox 1144 3437 1222 3486; x_wconf 80' lang='lat' dir='ltr'>Roma</span> <span class='ocrx_word' id='word_1_279' title='bbox 1232 3443 1357 3500; x_wconf 87' lang='lat' dir='ltr'>parentem</span> 
     </span>
     <span class='ocr_line' id='line_1_31' title="bbox 251 3502 1420 3568; baseline -0.002 -14"><span class='ocrx_word' id='word_1_280' title='bbox 251 3521 307 3568; x_wconf 83' lang='lat' dir='ltr'>may</span> <span class='ocrx_word' id='word_1_281' title='bbox 329 3505 359 3554; x_wconf 90' lang='lat' dir='ltr'>be</span> <span class='ocrx_word' id='word_1_282' title='bbox 380 3505 455 3566; x_wconf 81' lang='lat' dir='ltr'>urged</span> <span class='ocrx_word' id='word_1_283' title='bbox 476 3505 502 3552; x_wconf 91' lang='lat' dir='ltr'>in</span> <span class='ocrx_word' id='word_1_284' title='bbox 532 3503 688 3552; x_wconf 83' lang='lat' dir='ltr'>extenuation</span> <span class='ocrx_word' id='word_1_285' title='bbox 711 3503 834 3568; x_wconf 82' lang='lat' dir='ltr'>(depreca-</span> <span class='ocrx_word' id='word_1_286' title='bbox 900 3503 1082 3565; x_wconf 81' lang='lat' dir='ltr'>Romapatrem</span> <span class='ocrx_word' id='word_1_287' title='bbox 1093 3503 1184 3566; x_wconf 85' lang='lat' dir='ltr'>patriae</span> <span class='ocrx_word' id='word_1_288' title='bbox 1195 3503 1333 3552; x_wconf 87' lang='lat' dir='ltr'>Ciceronem</span> <span class='ocrx_word' id='word_1_289' title='bbox 1344 3502 1420 3552; x_wconf 81' lang='lat' dir='ltr'>libers</span> 
     </span>
     <span class='ocr_line' id='line_1_32' title="bbox 252 3567 1020 3634; baseline -0.005 -15"><span class='ocrx_word' id='word_1_290' title='bbox 252 3569 353 3634; x_wconf 84' lang='lat' dir='ltr'>tionem)</span> <span class='ocrx_word' id='word_1_291' title='bbox 365 3570 393 3618; x_wconf 78' lang='lat' dir='ltr'>oi</span> <span class='ocrx_word' id='word_1_292' title='bbox 405 3571 443 3618; x_wconf 91' lang='lat' dir='ltr'>hia</span> <span class='ocrx_word' id='word_1_293' title='bbox 456 3569 556 3617; x_wconf 78' lang='lat' dir='ltr'>eliense.</span> <span class='ocrx_word' id='word_1_294' title='bbox 573 3567 709 3616; x_wconf 82' lang='lat' dir='ltr'>&#39;Yonthia</span> <span class='ocrx_word' id='word_1_295' title='bbox 724 3584 757 3616; x_wconf 90' lang='lat' dir='ltr'>no</span> <span class='ocrx_word' id='word_1_296' title='bbox 773 3569 836 3629; x_wconf 74' lang='lat' dir='ltr'>legal</span> <span class='ocrx_word' id='word_1_297' title='bbox 933 3567 1020 3615; x_wconf 81' lang='lat' dir='ltr'>disit.”</span> 
     </span>
     <span class='ocr_line' id='line_1_33' title="bbox 252 3630 1450 3697; baseline -0.001 -14"><span class='ocrx_word' id='word_1_298' title='bbox 252 3650 346 3694; x_wconf 85' lang='lat' dir='ltr'>excuse,</span> <span class='ocrx_word' id='word_1_299' title='bbox 366 3641 452 3697; x_wconf 82' lang='lat' dir='ltr'>except</span> <span class='ocrx_word' id='word_1_300' title='bbox 468 3635 566 3681; x_wconf 78' lang='lat' dir='ltr'>ahena</span> <span class='ocrx_word' id='word_1_301' title='bbox 584 3647 671 3694; x_wconf 87' lang='lat' dir='ltr'>person</span> <span class='ocrx_word' id='word_1_302' title='bbox 690 3633 711 3680; x_wconf 91' lang='lat' dir='ltr'>is</span> <span class='ocrx_word' id='word_1_303' title='bbox 728 3633 804 3680; x_wconf 74' lang='lat' dir='ltr'>below</span> <span class='ocrx_word' id='word_1_304' title='bbox 820 3648 836 3680; x_wconf 91' lang='lat' dir='ltr'>a</span> <span class='ocrx_word' id='word_1_305' title='bbox 1129 3630 1251 3694; x_wconf 84' lang='lat' dir='ltr'>(Juvenal,</span> <span class='ocrx_word' id='word_1_306' title='bbox 1264 3632 1369 3680; x_wconf 81' lang='lat' dir='ltr'>Satviii.</span> <span class='ocrx_word' id='word_1_307' title='bbox 1381 3631 1450 3696; x_wconf 78' lang='lat'><strong>2⁴3.)</strong></span> 
     </span>
     <span class='ocr_line' id='line_1_34' title="bbox 252 3694 1450 3761; baseline -0.006 -13"><span class='ocrx_word' id='word_1_308' title='bbox 252 3699 490 3761; x_wconf 70' lang='lat' dir='ltr'>certainagaahich</span> <span class='ocrx_word' id='word_1_309' title='bbox 499 3698 668 3745; x_wconf 82' lang='lat' dir='ltr'>Ciceroknew.</span> <span class='ocrx_word' id='word_1_310' title='bbox 703 3697 833 3744; x_wconf 86' lang='lat' dir='ltr'>Hemeans</span> <span class='ocrx_word' id='word_1_311' title='bbox 866 3696 952 3744; x_wconf 82' lang='lat' dir='ltr'>‘Pater</span> <span class='ocrx_word' id='word_1_312' title='bbox 960 3694 1450 3758; x_wconf 79' lang='lat' dir='ltr'>pstriae&#39;afierwardsbeeameenimpe.</span> 
     </span>
     <span class='ocr_line' id='line_1_35' title="bbox 251 3759 1451 3826; baseline -0.003 -14"><span class='ocrx_word' id='word_1_313' title='bbox 251 3765 332 3812; x_wconf 76' lang='lat' dir='ltr'>theta</span> <span class='ocrx_word' id='word_1_314' title='bbox 347 3780 429 3826; x_wconf 76' lang='lat' dir='ltr'>young</span> <span class='ocrx_word' id='word_1_315' title='bbox 439 3779 496 3810; x_wconf 90' lang='lat' dir='ltr'>man</span> <span class='ocrx_word' id='word_1_316' title='bbox 512 3762 645 3824; x_wconf 80' lang='lat' dir='ltr'>iamorally</span> <span class='ocrx_word' id='word_1_317' title='bbox 659 3761 707 3807; x_wconf 87' lang='lat' dir='ltr'>less</span> <span class='ocrx_word' id='word_1_318' title='bbox 723 3760 835 3821; x_wconf 88' lang='lat' dir='ltr'>cnlpable</span> <span class='ocrx_word' id='word_1_319' title='bbox 865 3761 910 3808; x_wconf 87' lang='lat' dir='ltr'>rial</span> <span class='ocrx_word' id='word_1_320' title='bbox 932 3759 992 3818; x_wconf 85' lang='lat' dir='ltr'>title,</span> <span class='ocrx_word' id='word_1_321' title='bbox 1011 3760 1059 3807; x_wconf 92' lang='lat' dir='ltr'>and</span> <span class='ocrx_word' id='word_1_322' title='bbox 1076 3760 1096 3806; x_wconf 89' lang='lat' dir='ltr'>it</span> <span class='ocrx_word' id='word_1_323' title='bbox 1117 3775 1217 3821; x_wconf 86' lang='lat' dir='ltr'>appears</span> <span class='ocrx_word' id='word_1_324' title='bbox 1239 3775 1271 3806; x_wconf 90' lang='lat' dir='ltr'>on</span> <span class='ocrx_word' id='word_1_325' title='bbox 1291 3761 1333 3807; x_wconf 80' lang='lat' dir='ltr'>the</span> <span class='ocrx_word' id='word_1_326' title='bbox 1356 3760 1451 3809; x_wconf 83' lang='lat' dir='ltr'>Roman</span> 
     </span>
     <span class='ocr_line' id='line_1_36' title="bbox 251 3823 1433 3885; baseline -0.006 -7"><span class='ocrx_word' id='word_1_327' title='bbox 251 3829 289 3877; x_wconf 78' lang='lat' dir='ltr'>for</span> <span class='ocrx_word' id='word_1_328' title='bbox 298 3845 330 3877; x_wconf 90' lang='lat' dir='ltr'>an</span> <span class='ocrx_word' id='word_1_329' title='bbox 340 3835 380 3878; x_wconf 85' lang='lat' dir='ltr'>act</span> <span class='ocrx_word' id='word_1_330' title='bbox 390 3829 418 3877; x_wconf 82' lang='lat' dir='ltr'>of</span> <span class='ocrx_word' id='word_1_331' title='bbox 425 3829 531 3876; x_wconf 84' lang='lat' dir='ltr'>violence</span> <span class='ocrx_word' id='word_1_332' title='bbox 542 3827 601 3874; x_wconf 87' lang='lat' dir='ltr'>than</span> <span class='ocrx_word' id='word_1_333' title='bbox 612 3841 627 3874; x_wconf 89' lang='lat' dir='ltr'>a</span> <span class='ocrx_word' id='word_1_334' title='bbox 637 3840 694 3872; x_wconf 86' lang='lat' dir='ltr'>man</span> <span class='ocrx_word' id='word_1_335' title='bbox 704 3824 733 3871; x_wconf 82' lang='lat' dir='ltr'>of</span> <span class='ocrx_word' id='word_1_336' title='bbox 741 3831 835 3872; x_wconf 71' lang='lat' dir='ltr'>mamre</span> <span class='ocrx_word' id='word_1_337' title='bbox 866 3825 965 3872; x_wconf 85' lang='lat' dir='ltr'>medals.</span> <span class='ocrx_word' id='word_1_338' title='bbox 995 3823 1081 3885; x_wconf 88' lang='lat' dir='ltr'>Comp.</span> <span class='ocrx_word' id='word_1_339' title='bbox 1095 3823 1197 3881; x_wconf 85' lang='lat' dir='ltr'>Horace,</span> <span class='ocrx_word' id='word_1_340' title='bbox 1209 3823 1289 3870; x_wconf 84' lang='lat' dir='ltr'>Car-m.</span> <span class='ocrx_word' id='word_1_341' title='bbox 1301 3824 1317 3870; x_wconf 93' lang='lat' dir='ltr'>i.</span> <span class='ocrx_word' id='word_1_342' title='bbox 1329 3825 1353 3870; x_wconf 82' lang='lat'>3.</span> <span class='ocrx_word' id='word_1_343' title='bbox 1363 3839 1385 3870; x_wconf 86' lang='lat' dir='ltr'>v.</span> <span class='ocrx_word' id='word_1_344' title='bbox 1393 3827 1433 3871; x_wconf 71' lang='lat'>50.</span> 
     </span>
     <span class='ocr_line' id='line_1_37' title="bbox 251 3887 1450 3957; baseline -0.005 -15"><span class='ocrx_word' id='word_1_345' title='bbox 251 3909 328 3957; x_wconf 82' lang='lat' dir='ltr'>years.</span> <span class='ocrx_word' id='word_1_346' title='bbox 893 3889 959 3950; x_wconf 83' lang='lat' dir='ltr'>fides</span> <span class='ocrx_word' id='word_1_347' title='bbox 980 3887 1127 3949; x_wconf 77' lang='lat' dir='ltr'>Saturniae]</span> <span class='ocrx_word' id='word_1_348' title='bbox 1148 3887 1193 3934; x_wconf 86' lang='lat' dir='ltr'>See</span> <span class='ocrx_word' id='word_1_349' title='bbox 1212 3887 1254 3934; x_wconf 86' lang='lat' dir='ltr'>the</span> <span class='ocrx_word' id='word_1_350' title='bbox 1274 3887 1450 3936; x_wconf 85' lang='lat' dir='ltr'>Introduction.</span> 
     </span>
     <span class='ocr_line' id='line_1_38' title="bbox 285 3951 1450 4018; baseline -0.009 -10"><span class='ocrx_word' id='word_1_351' title='bbox 285 3959 391 4007; x_wconf 77' lang='lat' dir='ltr'>tritaaia</span> <span class='ocrx_word' id='word_1_352' title='bbox 407 3957 523 4018; x_wconf 61' lang='lat' dir='ltr'>anemis]</span> <span class='ocrx_word' id='word_1_353' title='bbox 544 3955 574 4003; x_wconf 89' lang='lat' dir='ltr'>ln</span> <span class='ocrx_word' id='word_1_354' title='bbox 592 3951 697 4002; x_wconf 83' lang='lat' dir='ltr'>Cicero’a</span> <span class='ocrx_word' id='word_1_355' title='bbox 714 3952 774 4001; x_wconf 82' lang='lat' dir='ltr'>time</span> <span class='ocrx_word' id='word_1_356' title='bbox 787 3952 836 4000; x_wconf 89' lang='lat' dir='ltr'>and</span> <span class='ocrx_word' id='word_1_357' title='bbox 868 3953 953 4000; x_wconf 84' lang='lat' dir='ltr'>Florus</span> <span class='ocrx_word' id='word_1_358' title='bbox 977 3951 1020 4015; x_wconf 92' lang='lat' dir='ltr'>(iii.</span> <span class='ocrx_word' id='word_1_359' title='bbox 1047 3951 1087 4014; x_wconf 84' lang='lat' dir='ltr'>ld)</span> <span class='ocrx_word' id='word_1_360' title='bbox 1117 3967 1183 4013; x_wconf 76' lang='lat' dir='ltr'>saysr</span> <span class='ocrx_word' id='word_1_361' title='bbox 1215 3955 1230 3979; x_wconf 79' lang='lat'>‘⁴</span> <span class='ocrx_word' id='word_1_362' title='bbox 1240 3951 1321 4003; x_wconf 77' lang='lat' dir='ltr'>Quum</span> <span class='ocrx_word' id='word_1_363' title='bbox 1341 3951 1450 4014; x_wconf 83' lang='lat' dir='ltr'>abruptis</span> 
     </span>
     <span class='ocr_line' id='line_1_39' title="bbox 253 4015 1450 4078; baseline -0.005 -7"><span class='ocrx_word' id='word_1_364' title='bbox 253 4024 336 4071; x_wconf 90' lang='lat' dir='ltr'>earlier</span> <span class='ocrx_word' id='word_1_365' title='bbox 347 4024 388 4071; x_wconf 82' lang='lat' dir='ltr'>the</span> <span class='ocrx_word' id='word_1_366' title='bbox 400 4021 503 4070; x_wconf 85' lang='lat' dir='ltr'>‘tribuni</span> <span class='ocrx_word' id='word_1_367' title='bbox 513 4019 598 4068; x_wconf 84' lang='lat' dir='ltr'>aerarii</span> <span class='ocrx_word' id='word_1_368' title='bbox 607 4019 614 4041; x_wconf 87' lang='lat'>’</span> <span class='ocrx_word' id='word_1_369' title='bbox 624 4033 687 4064; x_wconf 84' lang='lat' dir='ltr'>were</span> <span class='ocrx_word' id='word_1_370' title='bbox 697 4033 729 4065; x_wconf 87' lang='lat' dir='ltr'>au</span> <span class='ocrx_word' id='word_1_371' title='bbox 741 4017 832 4065; x_wconf 74' lang='lat' dir='ltr'>‘orda’</span> <span class='ocrx_word' id='word_1_372' title='bbox 867 4017 955 4064; x_wconf 87' lang='lat' dir='ltr'>fistulis</span> <span class='ocrx_word' id='word_1_373' title='bbox 972 4015 1128 4072; x_wconf 87' lang='lat' dir='ltr'>obsideretur,</span> <span class='ocrx_word' id='word_1_374' title='bbox 1146 4015 1292 4077; x_wconf 83' lang='lat' dir='ltr'>Senatuique</span> <span class='ocrx_word' id='word_1_375' title='bbox 1307 4031 1350 4078; x_wconf 89' lang='lat' dir='ltr'>per</span> <span class='ocrx_word' id='word_1_376' title='bbox 1360 4016 1450 4078; x_wconf 84' lang='lat' dir='ltr'>legatos</span> 
     </span>
     <span class='ocr_line' id='line_1_40' title="bbox 253 4079 1450 4150; baseline -0.006 -14"><span class='ocrx_word' id='word_1_377' title='bbox 253 4089 289 4150; x_wconf 80' lang='lat' dir='ltr'>By</span> <span class='ocrx_word' id='word_1_378' title='bbox 301 4088 343 4135; x_wconf 84' lang='lat' dir='ltr'>the</span> <span class='ocrx_word' id='word_1_379' title='bbox 358 4088 409 4136; x_wconf 83' lang='lat' dir='ltr'>Lex</span> <span class='ocrx_word' id='word_1_380' title='bbox 425 4086 522 4134; x_wconf 80' lang='lat' dir='ltr'>Aurelia</span> <span class='ocrx_word' id='word_1_381' title='bbox 539 4087 600 4145; x_wconf 78' lang='lat' dir='ltr'>(ac.</span> <span class='ocrx_word' id='word_1_382' title='bbox 618 4082 662 4146; x_wconf 79' lang='grc'>70)</span> <span class='ocrx_word' id='word_1_383' title='bbox 679 4083 722 4130; x_wconf 84' lang='lat' dir='ltr'>the</span> <span class='ocrx_word' id='word_1_384' title='bbox 737 4083 835 4130; x_wconf 76' lang='lat' dir='ltr'>iudices</span> <span class='ocrx_word' id='word_1_385' title='bbox 868 4081 1030 4144; x_wconf 86' lang='lat' dir='ltr'>poenitentiae</span> <span class='ocrx_word' id='word_1_386' title='bbox 1041 4080 1112 4126; x_wconf 90' lang='lat' dir='ltr'>fidem</span> <span class='ocrx_word' id='word_1_387' title='bbox 1120 4079 1314 4137; x_wconf 80' lang='lat' dir='ltr'>faeeret,abarce</span> <span class='ocrx_word' id='word_1_388' title='bbox 1326 4081 1450 4142; x_wconf 62' lang='lat' dir='ltr'>damasus</span> 
     </span>
     <span class='ocr_line' id='line_1_41' title="bbox 251 4143 1449 4210; baseline -0.007 -9"><span class='ocrx_word' id='word_1_389' title='bbox 251 4169 314 4200; x_wconf 79' lang='lat' dir='ltr'>aere</span> <span class='ocrx_word' id='word_1_390' title='bbox 324 4153 413 4199; x_wconf 89' lang='lat' dir='ltr'>chosen</span> <span class='ocrx_word' id='word_1_391' title='bbox 429 4151 491 4199; x_wconf 80' lang='lat' dir='ltr'>from</span> <span class='ocrx_word' id='word_1_392' title='bbox 503 4150 545 4196; x_wconf 84' lang='lat' dir='ltr'>the</span> <span class='ocrx_word' id='word_1_393' title='bbox 563 4149 658 4204; x_wconf 73' lang='lat' dir='ltr'>senate,</span> <span class='ocrx_word' id='word_1_394' title='bbox 669 4147 712 4195; x_wconf 85' lang='lat' dir='ltr'>the</span> <span class='ocrx_word' id='word_1_395' title='bbox 725 4148 835 4210; x_wconf 80' lang='lat' dir='ltr'>Equites,</span> <span class='ocrx_word' id='word_1_396' title='bbox 868 4161 923 4193; x_wconf 87' lang='lat' dir='ltr'>eum</span> <span class='ocrx_word' id='word_1_397' title='bbox 931 4144 1032 4192; x_wconf 88' lang='lat' dir='ltr'>ducibus</span> <span class='ocrx_word' id='word_1_398' title='bbox 1041 4143 1149 4192; x_wconf 82' lang='lat' dir='ltr'>factionis</span> <span class='ocrx_word' id='word_1_399' title='bbox 1156 4149 1266 4206; x_wconf 86' lang='lat' dir='ltr'>receptus</span> <span class='ocrx_word' id='word_1_400' title='bbox 1273 4146 1298 4192; x_wconf 90' lang='lat' dir='ltr'>in</span> <span class='ocrx_word' id='word_1_401' title='bbox 1307 4147 1396 4192; x_wconf 68' lang='lat' dir='ltr'>cumam</span> <span class='ocrx_word' id='word_1_402' title='bbox 1404 4151 1449 4194; x_wconf 89' lang='lat' dir='ltr'>est.</span> 
     </span>
     <span class='ocr_line' id='line_1_42' title="bbox 252 4209 1450 4274; baseline -0.006 -9"><span class='ocrx_word' id='word_1_403' title='bbox 252 4219 300 4265; x_wconf 87' lang='lat' dir='ltr'>aad</span> <span class='ocrx_word' id='word_1_404' title='bbox 311 4217 353 4265; x_wconf 85' lang='lat' dir='ltr'>the</span> <span class='ocrx_word' id='word_1_405' title='bbox 363 4216 465 4264; x_wconf 86' lang='lat' dir='ltr'>Tribuni</span> <span class='ocrx_word' id='word_1_406' title='bbox 481 4214 581 4262; x_wconf 84' lang='lat' dir='ltr'>Aerarii.</span> <span class='ocrx_word' id='word_1_407' title='bbox 615 4213 668 4260; x_wconf 88' lang='lat' dir='ltr'>The</span> <span class='ocrx_word' id='word_1_408' title='bbox 682 4213 774 4274; x_wconf 85' lang='lat' dir='ltr'>history</span> <span class='ocrx_word' id='word_1_409' title='bbox 788 4212 836 4259; x_wconf 89' lang='lat' dir='ltr'>and</span> <span class='ocrx_word' id='word_1_410' title='bbox 869 4210 907 4258; x_wconf 93' lang='lat' dir='ltr'>lbi</span> <span class='ocrx_word' id='word_1_411' title='bbox 927 4224 983 4256; x_wconf 88' lang='lat' dir='ltr'>eum</span> <span class='ocrx_word' id='word_1_412' title='bbox 1000 4209 1062 4256; x_wconf 81' lang='lat' dir='ltr'>iactu</span> <span class='ocrx_word' id='word_1_413' title='bbox 1075 4209 1207 4270; x_wconf 88' lang='lat' dir='ltr'>irruptione</span> <span class='ocrx_word' id='word_1_414' title='bbox 1224 4210 1327 4270; x_wconf 88' lang='lat' dir='ltr'>populus</span> <span class='ocrx_word' id='word_1_415' title='bbox 1346 4210 1450 4258; x_wconf 82' lang='lat' dir='ltr'>fustibus</span> 
     </span>
     <span class='ocr_line' id='line_1_43' title="bbox 252 4274 1450 4344; baseline -0.008 -14"><span class='ocrx_word' id='word_1_416' title='bbox 252 4283 294 4330; x_wconf 80' lang='lat' dir='ltr'>the</span> <span class='ocrx_word' id='word_1_417' title='bbox 305 4282 411 4344; x_wconf 75' lang='lat' dir='ltr'>politiori</span> <span class='ocrx_word' id='word_1_418' title='bbox 422 4281 543 4328; x_wconf 85' lang='lat' dir='ltr'>character</span> <span class='ocrx_word' id='word_1_419' title='bbox 558 4278 587 4326; x_wconf 80' lang='lat' dir='ltr'>of</span> <span class='ocrx_word' id='word_1_420' title='bbox 601 4278 669 4325; x_wconf 80' lang='lat' dir='ltr'>these</span> <span class='ocrx_word' id='word_1_421' title='bbox 685 4277 785 4324; x_wconf 66' lang='lat' dir='ltr'>&#39;Iribnni</span> <span class='ocrx_word' id='word_1_422' title='bbox 796 4291 838 4323; x_wconf 87' lang='lat' dir='ltr'>are</span> <span class='ocrx_word' id='word_1_423' title='bbox 869 4274 980 4335; x_wconf 85' lang='lat' dir='ltr'>saxisque</span> <span class='ocrx_word' id='word_1_424' title='bbox 1000 4277 1139 4334; x_wconf 83' lang='lat' dir='ltr'>coopertam</span> <span class='ocrx_word' id='word_1_425' title='bbox 1154 4274 1180 4319; x_wconf 92' lang='lat' dir='ltr'>in</span> <span class='ocrx_word' id='word_1_426' title='bbox 1193 4274 1245 4334; x_wconf 84' lang='lat' dir='ltr'>ipsa</span> <span class='ocrx_word' id='word_1_427' title='bbox 1260 4289 1356 4336; x_wconf 86' lang='lat' dir='ltr'>quoque</span> <span class='ocrx_word' id='word_1_428' title='bbox 1373 4281 1450 4322; x_wconf 85' lang='lat' dir='ltr'>morte</span> 
     </span>
     <span class='ocr_line' id='line_1_44' title="bbox 252 4339 1448 4473; baseline -0.007 -14"><span class='ocrx_word' id='word_1_429' title='bbox 252 4342 836 4473; x_wconf 63' lang='lat' dir='ltr'>aerumnarum</span> <span class='ocrx_word' id='word_1_430' title='bbox 1043 4337 1448 4399; x_wconf 81' lang='lat'>...</span> 
     </span>
     <span class='ocr_line' id='line_1_45' title="bbox 252 4426 1450 4538; baseline -0.007 -14"><span class='ocrx_word' id='word_1_431' title='bbox 252 4476 302 4524; x_wconf 86' lang='lat' dir='ltr'>aad</span> <span class='ocrx_word' id='word_1_432' title='bbox 312 4426 407 4524; x_wconf 53' lang='lat' dir='ltr'>vai-&#39;iona</span> <span class='ocrx_word' id='word_1_433' title='bbox 417 4474 529 4538; x_wconf 88' lang='lat' dir='ltr'>opinions</span> <span class='ocrx_word' id='word_1_434' title='bbox 540 4473 615 4522; x_wconf 85' lang='lat' dir='ltr'>about</span> <span class='ocrx_word' id='word_1_435' title='bbox 625 4472 701 4520; x_wconf 84' lang='lat' dir='ltr'>them.</span> <span class='ocrx_word' id='word_1_436' title='bbox 868 4471 895 4516; x_wconf 78' lang='lat' dir='ltr'>to</span> <span class='ocrx_word' id='word_1_437' title='bbox 912 4482 967 4516; x_wconf 83' lang='lat' dir='ltr'>aare</span> <span class='ocrx_word' id='word_1_438' title='bbox 984 4467 1044 4526; x_wconf 78' lang='lat' dir='ltr'>him,</span> <span class='ocrx_word' id='word_1_439' title='bbox 1062 4465 1108 4516; x_wconf 84' lang='lat' dir='ltr'>bnt</span> <span class='ocrx_word' id='word_1_440' title='bbox 1125 4468 1156 4516; x_wconf 90' lang='lat' dir='ltr'>he</span> <span class='ocrx_word' id='word_1_441' title='bbox 1172 4467 1241 4516; x_wconf 87' lang='lat' dir='ltr'>could</span> <span class='ocrx_word' id='word_1_442' title='bbox 1259 4475 1309 4516; x_wconf 81' lang='lat' dir='ltr'>net</span> <span class='ocrx_word' id='word_1_443' title='bbox 1343 4467 1450 4517; x_wconf 85' lang='lat' dir='ltr'>Velleius</span> 
     </span>
    </p>
   </div>
   <div class='ocr_carea' id='block_1_4' title="bbox 0 0 1769 5325">
    <p class='ocr_par' dir='ltr' id='par_1_4' title="bbox 0 0 1769 5325">
     <span class='ocr_line' id='line_1_46' title="bbox 0 0 1769 5325; baseline 0 0"><span class='ocrx_word' id='word_1_444' title='bbox 0 0 1769 5325; x_wconf 95' lang='lat' dir='ltr'> </span> 
     </span>
    </p>
   </div>
  </div>
 </body>
</html>
