3517 5325
704 456 805 528 GAP.
823 461 916 530 7-9.
1352 465 1416 536 207

209 631 370 700 abiturum
382 652 459 698 snm
473 652 539 698 non
559 651 640 709 esse,
655 631 684 698 si
697 631 897 698 accessisset.
942 630 1096 698 Caecinae
1114 632 1233 720 placuit
1247 640 1282 700 et
1295 635 1415 715 amieis,

209 731 314 817 quoad
329 730 490 796 rideretur
503 730 590 794 salvo
601 730 706 816 capite
720 731 787 794 lieri
800 751 901 814 posse,
914 729 1050 815 experiri
1062 739 1180 796 tamen.
1218 733 1268 796 De
1283 735 1414 800 castello
1481 781 1486 790 .

211 829 420 902 descendunt,
443 827 478 892 in
502 827 635 892 fundum
660 827 914 913 proficiscuntur.
961 826 1101 892 Videtur
1126 839 1247 896 temere
1270 832 1415 896 commis·

210 951 302 1000 sumt
327 948 444 1004 verum,
468 933 507 992 ιιι
531 925 652 1011 opinor,
675 927 737 990 hoc
761 926 824 992 luit
847 948 998 992 messae:
1023 935 1091 992 tam
1115 935 1234 992 temere
1260 928 1357 994 istum
1383 953 1418 996 re

212 1025 453 1092 commissurum
483 1044 579 1108 quam
607 1023 715 1090 verbis
748 1023 959 1090 minitabatur
994 1047 1087 1090 nemo
1124 1025 1258 1110 putavit.
1312 1026 1416 1092 VIII.

213 1127 325 1210 Atque
344 1123 407 1188 iste
425 1121 469 1187 ad
483 1143 593 1186 omnes
607 1121 769 1197 introitus,
785 1144 848 1207 qua
862 1123 942 1188 adiri
957 1129 1086 1208 poterat
1104 1145 1168 1188 non
1187 1125 1282 1188 modo
1298 1124 1330 1188 in
1346 1147 1419 1190 eum

212 1221 357 1295 madum,
373 1220 413 1284 de
427 1240 491 1304 qno
505 1220 722 1286 controversia
736 1229 815 1298 erat,
831 1220 890 1284 sed
909 1220 1007 1286 etiam
1022 1220 1054 1284 in
1069 1221 1157 1286 illurn
1177 1222 1355 1306 proximum
1378 1224 1417 1288 de

214 1341 279 1404 quo
303 1318 381 1382 nihil
405 1318 638 1404 ambigebatur,
664 1326 806 1384 armatos
824 1319 968 1384 homiues
992 1319 1133 1404 opponit.
1180 1319 1295 1405 Itaque
1318 1321 1418 1406 primo

213 1438 313 1501 quum
327 1416 361 1478 in
374 1414 541 1500 antiquum
562 1416 695 1482 fundum
716 1416 840 1501 ingredi
855 1415 958 1494 vellet,
981 1418 1066 1502 quod
1088 1439 1126 1482 ca
1145 1417 1288 1502 proxime
1310 1417 1419 1484 accedi

213 1522 352 1600 poterat,
365 1515 549 1600 frequentes
562 1515 677 1580 armati
689 1515 903 1582 obstiterunt.
933 1517 1004 1596 Quo
1019 1516 1089 1580 loco
1105 1516 1256 1602 depulsus
1271 1516 1416 1594 Caecina,

214 1623 397 1698 amesque
411 1612 518 1698 potuit
531 1613 573 1678 ad
588 1635 662 1678 curn
675 1615 808 1680 fundum
821 1615 984 1700 profectus
1000 1625 1060 1689 est,
1077 1615 1110 1678 in
1125 1637 1188 1700 quo
1203 1637 1244 1679 ex
1260 1624 1419 1681 conventu

214 1710 280 1774 rim
305 1710 373 1775 lieri
397 1711 586 1795 oportebat;
619 1713 690 1798 ejus
714 1719 825 1778 autem
854 1711 943 1776 fundi
973 1719 1149 1778 extremam
1178 1719 1302 1797 partem
1332 1713 1419 1778 oleae

216 1808 339 1874 directo
364 1809 474 1874 ordine
498 1809 662 1876 deliniunt.
718 1811 773 1876 Ad
803 1833 860 1876 eas
889 1833 986 1896 quum
1011 1811 1227 1887 accederetur,
1255 1812 1316 1876 iste
1346 1835 1419 1878 eum

217 1906 363 1973 omnibus
386 1906 486 1992 copiis
506 1914 634 1991 praesto
656 1908 727 1984 fuit,
747 1930 934 1994 servumque
957 1930 1049 1972 suum
1072 1907 1199 1972 nomine
1222 1909 1419 1976 Antiochum

216 2005 260 2070 ad
280 2005 464 2081 sevocavit,
485 2017 520 2070 et
541 2005 627 2072 clara
647 2028 726 2072 voce
748 2005 916 2092 imperavit
937 2013 975 2070 nt
996 2029 1067 2072 eum
1090 2007 1145 2092 qui
1168 2007 1256 2072 illurn
1278 2010 1419 2074 olearum

218 2103 361 2168 ordinem
375 2102 528 2168 intrasset
542 2102 711 2170 occideret.
757 2103 864 2169 Homo
887 2125 960 2170 mea
980 2105 1142 2171 sententia
1156 2106 1420 2191 prudentissimus

219 2199 365 2278 Caecina,
389 2207 497 2265 tamen
514 2200 547 2264 in
567 2202 626 2266 hae
651 2224 687 2266 re
711 2202 783 2286 plus
807 2202 883 2268 mihi
905 2202 1003 2266 animi
1027 2225 1122 2287 quam
1146 2204 1268 2268 consilii
1294 2205 1420 2270 videtur

219 2297 378 2362 habuisse.
422 2297 505 2362 Nam
519 2320 617 2383 quum
632 2307 666 2364 et
687 2306 883 2364 armatorum
905 2299 1140 2364 multitudinem
1155 2301 1284 2378 videret,
1302 2308 1335 2366 et
1350 2324 1421 2366 eam

218 2417 329 2460 vocem
343 2395 475 2462 Aebutii
500 2419 595 2483 quam
616 2396 858 2460 commemorari
884 2396 1036 2474 audisset,
1063 2403 1170 2460 tamen
1191 2399 1327 2462 accessit
1349 2419 1420 2483 pro-

219 2492 299 2578 pius,
315 2503 350 2558 et
369 2495 438 2579 jam
451 2494 632 2580 ingrediens
655 2494 740 2558 intra
761 2493 857 2557 linem
879 2494 950 2577 ejus
974 2493 1044 2571 loci,
1062 2515 1156 2578 quem
1171 2494 1257 2558 oleae
1272 2496 1422 2560 termina·

218 2592 308 2668 bant,
325 2591 478 2677 impetum
496 2590 612 2654 armati
628 2589 783 2654 Antiochi
798 2597 1038 2675 oeterorumque
1061 2591 1126 2656 tela
1147 2599 1243 2677 atque
1265 2591 1426 2656 incursum

218 2690 349 2775 refugit.
394 2690 519 2753 Eodem
532 2696 677 2773 ternpore
691 2710 726 2751 se
741 2688 775 2751 in
787 2689 897 2772 fugam
912 2688 1079 2754 conferunt
1099 2711 1162 2753 una
1184 2690 1277 2755 amici
1292 2690 1423 2754 advoca·

217 2787 311 2871 tique
334 2785 404 2868 ejus
425 2794 515 2849 metu
540 2784 712 2869 perterriti,
740 2785 1006 2869 quemadmodum
1032 2786 1156 2851 illorum
1179 2794 1297 2853 testem
1320 2788 1425 2852 dicere

217 2881 367 2949 audistis.
413 2880 476 2944 His
489 2883 585 2947 rebus
603 2884 649 2946 ita
670 2884 782 2967 gestis,
800 2882 839 2947 P.
855 2881 1022 2948 Dolabella
1044 2890 1174 2969 praetor
1195 2885 1370 2963 interdixit,
1388 2892 1426 2949 ut

219 2989 274 3049 est
296 2979 500 3057 consuetudo,
528 3001 573 3043 ns
598 3002 633 3043 vr
658 3000 852 3045 rrorrrmaus
875 3001 1042 3061 sanaris,
1059 2982 1127 3047 sine
1147 2983 1210 3047 ulla
1225 2982 1424 3068 exceptione,

218 3085 349 3145 tantum
364 3086 401 3143 ut
416 3079 498 3143 unde
512 3078 684 3163 dejecisset
698 3079 892 3144 restitueret.
932 3078 1127 3145 Restituisse
1142 3104 1177 3146 se
1193 3081 1284 3146 dixit.
1324 3082 1426 3167 Spon-

221 3178 271 3243 eio
285 3177 373 3241 sacta
386 3184 446 3242 ast.
492 3176 567 3241 Hac
583 3177 623 3241 de
637 3175 806 3261 sponsione
821 3175 911 3241 vobis
922 3176 1131 3261 judicandum
1145 3187 1206 3245 est.

268 3274 336 3340 IX.
360 3274 505 3341 Maxime
518 3274 580 3339 luit
596 3274 773 3361 optandum
795 3274 960 3354 Caecinae,
976 3284 1225 3361 recuperatores,
1242 3284 1279 3343 ut
1301 3284 1426 3343 contro-

257 3510 367 3572 reperiri
383 3508 484 3572 tamea]
508 3508 562 3557 'I'hs
578 3523 691 3557 eommon
708 3508 808 3571 meing
839 3508 926 3572 speaks
942 3508 971 3557 ol
985 3509 1023 3558 bls
1039 3524 1092 3557 own
1110 3511 1240 3561 wltnsssss.
1274 3510 1340 3559 Each
1356 3516 1427 3575 party

224 3574 386 3637 is⁸experiri
418 3574 482 3623 Tum
496 3573 661 3622 descendunt’
694 3574 748 3621 The
762 3574 807 3621 Επ-
839 3575 1428 3638 oleourssbsdhiswitnersesjuetasinmndern

225 3640 276 3689 furt
294 3640 337 3689 hes
354 3638 467 3687 ‘tarnem’
501 3638 574 3686 Klotz
591 3644 666 3687 treats
682 3639 726 3687 the
741 3654 807 3687 oom-
840 3641 951 3702 practice,
962 3640 1035 3703 ready
1046 3648 1071 3688 to
1083 3648 1184 3703 support
1194 3642 1236 3689 the
1251 3642 1338 3689 sideto
1349 3642 1427 3689 which

225 3720 283 3752 mon
307 3704 405 3765 reading
427 3718 454 3751 as
476 3702 574 3751 absurd.
615 3704 698 3751 Keller
719 3704 741 3751 is
765 3708 809 3750 not
840 3705 899 3766 they
910 3704 1026 3766 belonged
1038 3706 1118 3752 rather
1132 3706 1283 3753 thantotell
1293 3706 1335 3752 the
1349 3706 1426 3752 trnth.

125 3790 130 3797 ·
225 3769 355 3819 eonvinoed
370 3770 423 3816 that
437 3769 480 3817 the
497 3774 549 3817 text
564 3768 584 3815 is
599 3768 678 3817 better
693 3768 751 3817 than
768 3768 811 3815 tha
842 3769 896 3815 The
907 3774 999 3817 oratore
1012 3769 1101 3830 argued
1113 3784 1178 3831 upon
1193 3770 1235 3817 the
1247 3770 1367 3825 evidence,
1378 3768 1427 3815 and

226 3848 338 3882 common
351 3833 464 3894 reading,
481 3832 525 3881 but
536 3833 549 3880 1
560 3833 639 3895 preter
653 3834 682 3880 it.
716 3830 809 3879 ‘mim’
842 3832 946 3880 bsndled
960 3833 1002 3879 the
1017 3840 1104 3881 matter
1113 3834 1183 3889 well3
1199 3848 1226 3879 ae
1243 3832 1326 3879 Cicero
1342 3833 1368 3879 in
1384 3832 1427 3879 the

225 3898 274 3946 and
297 3896 410 3945 ‘nmen'
431 3912 472 3945 ara
490 3898 556 3945 olten
575 3897 810 3945 oonlonnded.-‘in
843 3902 901 3943 next
919 3896 1017 3957 chapter
1031 3898 1086 3943 aslrs
1100 3897 1143 3945 the
1160 3896 1366 3957 ‘recuperatores’
1383 3900 1429 3942 not

226 3978 275 4025 quo
293 3978 322 4010 ex
340 3968 458 4011 eonventu
469 3962 483 4009 ι’
504 3963 546 4009 the
565 3962 678 4023 reading‘
694 3976 723 4008 ex
742 3960 809 4025 qno,'
842 3960 1235 4015 mdisbebereVetihus,beosuse
1246 3960 1276 4007 he
1287 3974 1360 4007 wasa
1372 3974 1428 4007 nisu

225 4027 305 4077 which
319 4028 362 4075 the
377 4032 459 4075 recent
475 4026 565 4075 editors
582 4026 644 4073 hare
659 4026 770 4086 rejected,
789 4026 810 4073 is
842 4025 871 4073 ol
883 4024 1019 4071 indifferent
1030 4025 1158 4080 cbsrscter,
1171 4023 1215 4071 but
1226 4030 1250 4071 to
1261 4024 1353 4071 believe
1363 4024 1428 4071 what

226 4097 270 4141 not
280 4092 376 4149 absurd,
388 4092 436 4139 and
446 4092 466 4139 it
477 4106 531 4152 may
542 4090 573 4137 bs
583 4091 625 4137 the
636 4094 690 4136 true
704 4090 810 4151 reading,
843 4090 874 4136 he
891 4090 950 4147 said,
967 4088 1035 4135 when
1053 4088 1090 4134 his
1105 4088 1217 4135 evidence
1236 4102 1283 4135 was
1300 4088 1427 4149 nnfpvour-

226 4172 254 4205 as
266 4156 347 4204 Keller
358 4171 480 4218 supposes,
493 4155 531 4201 lor
541 4170 567 4201 ss
578 4154 609 4200 be
620 4170 681 4215 says,
692 4154 734 4200 tbe
746 4154 810 4200 ‘ris’
843 4154 898 4202 able
915 4160 941 4201 ιο
960 4152 1002 4200 the
1019 4158 1089 4214 party
1108 4152 1188 4199 whose
1206 4152 1303 4199 witness
1322 4153 1353 4199 he
1372 4168 1428 4201 wne.

226 4222 250 4269 is
259 4222 302 4269 the
318 4219 459 4269 ‘deductio'
472 4218 544 4274 itsell,
556 4218 633 4265 which
647 4219 669 4264 is
681 4233 747 4264 mors
758 4232 810 4265 cor·
843 4218 977 4266 witnesses
991 4232 1050 4265 were
1064 4217 1273 4275 crosa-examined,
1292 4232 1318 4265 as
1336 4232 1371 4264 we
1390 4232 1429 4265 see

226 4287 302 4348 rectly
313 4287 364 4334 said
375 4292 402 4333 to
413 4284 444 4332 be
457 4288 485 4331 ‘e
497 4280 585 4331 lundo'
597 4282 656 4328 than
668 4282 707 4327 ¹in
718 4280 810 4329 tundo!
843 4283 905 4329 from
920 4298 940 4329 c.
955 4284 992 4339 lt),
1011 4282 1060 4330 ‘ita
1076 4296 1131 4329 eum
1147 4280 1268 4343 placidum
1285 4282 1430 4346 mollemque

226 4350 280 4398 The
290 4351 367 4399 words
379 4355 423 4397 ‘ex
434 4345 570 4397 eonventn’
581 4346 643 4395 refer
654 4350 679 4393 to
691 4346 733 4393 the
744 4351 811 4393 ‘mo-
842 4346 952 4403 reddidl,'
966 4350 1008 4394 &o

226 4416 294 4464 ribus
305 4412 434 4463 deductio!
873 4410 1137 4473 praeterinterdirit,]
1152 4410 1197 4459 See
1204 4411 1245 4459 the
1253 4410 1429 4460 Introduction.

261 4474 812 4541 n.tlommresrem]1ne.1hespeaksolthe
843 4480 885 4509 —‘
894 4476 990 4537 sponsio
1001 4476 1063 4525 facts
1073 4474 1128 4525 est!
1162 4476 1206 4525 See
1218 4476 1264 4525 Pro
1280 4476 1307 4525 Ρ.
1319 4478 1429 4537 Quintio,

226 4544 448 4597 eritnenesotthe
463 4540 609 4601 otherside;
626 4540 812 4591 mdincohe
845 4542 980 4599 c8,notc.
