3517 5325
335 483 401 545 408
602 476 739 542 ORAT.
762 475 792 542 1.
814 475 879 540 DE
905 473 1028 539 LEGE
1054 474 1269 540 AGRARIA

335 649 547 728 formidolosa,
571 671 667 736 qnam
689 655 883 735 quaestuosa
905 647 1108 712 concursatio
1125 647 1345 712 decemviralis
1366 647 1484 714 lutura
1506 650 1552 715 ἐι

335 771 401 814 ιιοιι
426 749 560 814 videtis?
604 748 833 812 Hereditatum
856 748 1076 811 obeundarum
1099 767 1222 825 caussa,
1247 747 1362 832 quibus
1378 769 1439 812 vos
1463 749 1552 836 lega-

334 849 441 914 tiones
459 848 602 927 dedistis,
618 848 675 933 qui
698 855 733 912 et
754 847 873 933 privati
895 853 930 910 et
950 846 1110 932 privatum
1131 847 1174 909 ad
1192 847 1359 932 negotium
1383 848 1551 924 exierunt,

334 969 400 1012 non
428 945 576 1010 maximis
604 945 719 1031 opibus
748 967 850 1030 neque
879 966 1005 1009 summa
1033 943 1228 1008 auctoritate
1257 945 1406 1030 praediti,
1434 953 1551 1011 tamen

334 1045 453 1110 auditis
477 1045 622 1131 proiecto
643 1066 740 1128 qnam
758 1065 874 1130 graves
897 1065 1008 1107 eorum
1030 1042 1187 1106 adventus
1211 1043 1306 1106 sociis
1331 1045 1452 1108 vestris
1476 1067 1551 1110 esse

334 1143 469 1208 soleant.
515 1143 729 1222 Quamobrem
757 1141 833 1227 quid
857 1141 981 1226 putatis
1002 1139 1186 1225 impendere
1209 1140 1269 1206 bac
1297 1141 1368 1226 lege
1395 1143 1550 1208 omnrlrns

333 1242 486 1328 gentibus
509 1240 642 1305 terroris
664 1247 700 1305 et
724 1240 810 1319 mali,
836 1261 934 1324 quum
955 1238 1171 1302 immittantur
1192 1239 1224 1302 in
1251 1239 1360 1304 orbem
1382 1249 1549 1305 terrarum

333 1339 503 1405 decemviri
527 1360 651 1404 summo
673 1360 747 1402 cum
770 1337 914 1423 imperio,
941 1358 1066 1400 summa
1095 1358 1168 1400 cum
1192 1338 1326 1402 avaritia
1353 1338 1548 1425 infinitaque

333 1461 441 1503 rerum
465 1437 606 1501 omnium
632 1435 829 1522 cupiditate?
850 1457 985 1520 quorum
1007 1457 1105 1519 quum
1126 1435 1281 1500 adventus
1302 1458 1425 1520 graves,
1442 1459 1547 1522 quum

332 1536 437 1602 fasces
450 1534 654 1610 formidolosi,
677 1543 747 1599 tum
761 1555 836 1597 vero
854 1533 1011 1617 judicium
1024 1554 1064 1596 ac
1079 1539 1226 1618 potestas
1243 1533 1305 1598 erit
1319 1556 1382 1598 non
1398 1535 1546 1600 serenda.

336 1634 462 1699 Licebit
484 1635 567 1698 enim
591 1633 676 1720 quod
690 1631 850 1697 videbitur
870 1632 1033 1716 publicum
1054 1631 1220 1716 judicare;
1244 1633 1329 1718 quod
1351 1634 1543 1718 judicarint,

333 1732 479 1796 vendere.
525 1731 635 1796 Etiam
657 1731 744 1808 illud,
761 1730 847 1815 quod
868 1729 1014 1793 homines
1037 1729 1141 1794 sancti
1162 1752 1227 1793 non
1248 1731 1376 1806 facient,
1391 1738 1430 1794 ut
1445 1754 1545 1817 peon-

332 1830 420 1893 niam
442 1829 604 1914 accipiant
626 1851 667 1893 ne
681 1829 830 1906 vendant,
854 1834 965 1892 tamen
989 1827 1022 1890 id
1044 1827 1083 1891 iis
1105 1827 1209 1913 ipsum
1223 1851 1282 1913 per
1300 1828 1404 1914 legem
1417 1828 1544 1895 licebit.

335 1928 422 1991 Hinc
436 1949 493 1990 vos
507 1948 587 2012 quas
601 1925 818 2011 spoliationes,
834 1947 914 2010 quas
929 1925 1102 2010 pactiones,
1126 1947 1222 2010 quam
1241 1927 1376 2012 denique
1391 1927 1424 1989 in
1439 1928 1544 1992 omni-

332 2027 394 2089 bus
414 2023 493 2088 locis
515 2023 777 2087 nundinationem
798 2024 881 2108 juris
910 2045 949 2087 ac
973 2023 1173 2088 fortunarum
1198 2023 1266 2088 fore
1291 2024 1434 2109 putatis!
1480 2026 1544 2089 Et-

332 2121 418 2188 enim
432 2121 517 2206 quod
536 2122 700 2207 superiore
714 2128 806 2207 parte
825 2120 906 2207 legis
925 2121 1129 2206 praefinitum
1140 2121 1210 2200 luit,
1228 2121 1317 2186 Sulla
1330 2129 1365 2186 et
1382 2121 1542 2208 Pompeio

333 2223 525 2301 consulibus,
551 2223 584 2286 id
607 2244 716 2287 rursus
741 2222 875 2286 liberum
901 2220 1121 2307 infinitumque
1146 2221 1302 2286 fecerunt.
1348 2220 1410 2284 IV.
1434 2221 1458 2284 J
1460 2222 1542 2288 ubet

332 2324 417 2390 enim
427 2324 558 2388 eosdem
573 2322 769 2387 decemviros
783 2320 929 2384 omnibus
951 2320 1037 2406 agris
1056 2320 1192 2406 publicis
1207 2321 1383 2406 pergrande
1398 2321 1541 2406 vectigal

331 2421 503 2508 imponere,
525 2428 562 2486 ut
584 2421 682 2485 iidem
704 2419 829 2506 possint
844 2425 878 2482 et
893 2418 1027 2482 liberare
1047 2441 1143 2504 agros
1164 2441 1244 2504 quos
1259 2419 1461 2482 commodum
1483 2421 1538 2498 sit,

332 2527 368 2585 et
382 2542 461 2605 qnos
475 2520 553 2605 ipsis
571 2519 671 2584 libeat
693 2517 864 2603 publicare.
911 2515 982 2596 Quo
997 2514 1163 2602 injudicio
1184 2515 1323 2601 perspici
1337 2538 1400 2579 non
1416 2525 1539 2603 potest,

332 2625 442 2684 utrum
456 2618 610 2684 severitas
624 2616 768 2683 acerbior
781 2638 823 2681 an
837 2613 1021 2701 benignitas
1035 2614 1255 2701 quaestuosior
1268 2614 1311 2679 sit
1325 2615 1444 2681 futura.

378 2716 462 2782 Sunt
476 2727 583 2781 tamen
598 2718 630 2780 in
645 2724 717 2781 tota
731 2715 801 2800 lege
816 2714 1022 2799 exceptiones
1035 2714 1126 2795 duae,
1139 2736 1203 2778 non
1218 2722 1285 2778 tam
1300 2714 1427 2801 iniquae
1441 2738 1541 2801 qnam

331 2814 534 2900 suspiciosae.
566 2814 698 2900 Excipit
712 2814 796 2877 enim
811 2812 844 2876 in
857 2810 1005 2897 vectigali
1021 2811 1211 2896 imponendo
1223 2834 1337 2897 agrum
1350 2812 1540 2881 Recentori-

331 2934 405 2977 cum
423 2913 629 2990 Siciliensem,
645 2914 678 2977 in
692 2911 865 2978 vendendis
879 2911 966 2997 agris
981 2932 1036 2975 eos
1049 2932 1146 2996 agros
1162 2911 1201 2976 de
1216 2912 1331 2998 quibus
1345 2920 1477 2977 cautum
1493 2914 1540 2981 sit

331 3012 469 3077 loedere.
521 3012 567 3075 Hi
582 3011 704 3076 suntin
720 3009 841 3085 Africa,
865 3009 920 3094 qui
943 3010 984 3073 ab
1002 3008 1187 3094 Hiempsale
1211 3009 1427 3095 possidentur.
1470 3010 1539 3078 Hic

332 3132 460 3195 quaero,
477 3110 506 3180 si
522 3108 700 3195 Hiempsali
715 3106 794 3171 satis
804 3113 855 3170 est
870 3114 1002 3171 cautum
1012 3106 1147 3186 loedere,
1164 3115 1197 3173 et
1214 3106 1444 3173 Recentoricus
1458 3132 1540 3197 ager

331 3209 474 3293 privatus
503 3216 563 3285 est,
587 3207 664 3292 quid
687 3204 855 3270 attinuerit
878 3205 1003 3292 excipit
1057 3206 1113 3271 Sin
1139 3214 1173 3272 et
1195 3207 1307 3272 foedus
1330 3208 1407 3272 illud
1436 3209 1539 3277 habet

364 3415 531 3477 cassanolio]
543 3414 603 3462 'lhis
610 3414 676 3461 vrord
682 3426 766 3460 means
773 3417 780 3441 ⁸
788 3412 917 3471 business,'
951 3420 977 3465 to
988 3430 1045 3465 sare
1054 3416 1197 3465 themselves
1208 3431 1240 3464 on
1251 3432 1299 3479 any
1309 3421 1392 3467 ter-nus.

332 3478 462 3541 ‘activityl
474 3479 586 3541 ‘moving
595 3478 855 3537 hithmndthither,'
870 3480 919 3527 and
983 3482 1006 3528 4.
1023 3484 1092 3543 apris
1109 3482 1228 3543 puhlicis]
1254 3482 1301 3531 We
1322 3484 1380 3546 only
1399 3484 1471 3531 hnorv
1492 3486 1537 3534 tlae

331 3558 410 3592 ιοοιι.
439 3543 549 3592 SseVol.
562 3543 919 3601 1.ven.i·as.cal,noteon
950 3550 1025 3593 terme
1043 3546 1071 3595 ol
1084 3546 1126 3593 the
1143 3546 1268 3593 mirum
1281 3547 1371 3596 cicero.
1407 3548 1488 3598 When
1505 3552 1538 3600 ha

331 3606 504 3658 'concursare'
949 3624 1003 3672 says
1021 3610 1076 3658 thet
1094 3612 1114 3658 it
1135 3612 1282 3673 empowered
1298 3612 1341 3660 the
1357 3612 1492 3662 Decemviri
1510 3622 1538 3665 ιο

364 3672 507 3735 leontium]
535 3673 575 3721 He
597 3686 679 3721 means
703 3672 746 3721 the
768 3672 916 3735 ‘legationes
948 3675 1041 3736 impose
1052 3690 1132 3737 every
1144 3676 1385 3739 high·vcotigal'on
1397 3680 1439 3727 the
1454 3680 1538 3742 public

331 3737 436 3789 libersc'
459 3752 486 3786 οι·
506 3737 614 3787 nomiusl
636 3738 809 3796 commissione,
837 3738 915 3786 which
947 3738 1538 3805 lands,hemustmeana‘vecb'gal'higbsrthsn

330 3805 497 3854 the-Senators
508 3804 579 3852 could
593 3802 675 3851 obtain
692 3803 754 3851 from
766 3803 810 3851 the
827 3802 916 3851 Senate
947 3803 990 3851 the
1009 3805 1131 3867 occupiers
1146 3805 1194 3853 had
1211 3806 1317 3854 hitherto
1331 3808 1402 3870 psid3
1419 3810 1440 3856 it
1454 3812 1538 3858 rronld

330 3871 400 3919 when
421 3869 449 3917 th
501 3869 591 3917 wished
607 3873 634 3916 ιο
652 3868 709 3917 visit
725 3868 768 3916 the
785 3868 916 3929 provinces,
952 3868 1330 3932 besmeansolinoreasingthe
1344 3888 1456 3921 revenue.
1484 3874 1538 3923 But

330 3885 731 3996 elmerforebusinessorplessnre.
764 3932 817 3980 'Ibe
828 3934 881 3981 title
892 3933 920 3980 ol
950 3933 1007 3995 they
1024 3949 1085 3982 vvere
1096 3935 1146 3982 also
1157 3936 1306 3997 emporrered
1322 3942 1348 3984 to
1362 3938 1456 3985 declare
1466 3939 1537 3989 landa

330 3999 453 4062 ‘legatus'
473 4000 596 4062 protected
618 4000 660 4046 the
682 3998 856 4073 &cranaus
873 3996 916 4073 the
948 3998 998 4045 free
1015 3997 1078 4046 from
1098 4000 1139 4047 the
1158 4000 1289 4061 ‘vectigaL’
1323 4002 1350 4049 lf
1365 4003 1481 4065 theyhad
1493 4004 1537 4052 the

328 4062 677 4178 tlttltffll
689 4063 759 4174 ‘ill
772 4077 842 4175 stt
863 4061 915 4175 ll
946 4064 1539 4197 tlsstt‘ttttlht'ttllbttaz‘

328 4194 398 4243 claim
410 4209 482 4257 many
492 4194 574 4255 things
584 4194 622 4240 lor
632 4192 795 4239 hisnselrom
805 4190 848 4238 the
858 4206 914 4252 pro-
947 4192 996 4239 and
1014 4206 1046 4239 on
1065 4193 1108 4241 the
1129 4194 1199 4241 other
1220 4194 1292 4251 band,
1310 4196 1333 4243 ιι·
1350 4197 1409 4258 they
1426 4197 1474 4245 had
1492 4198 1536 4247 rho

327 4260 449 4307 vindales.
484 4254 806 4321 (eimsdnivaiier.)
835 4255 915 4305 These
946 4270 1027 4317 power
1048 4258 1076 4305 ol
1091 4258 1183 4321 fresing
1197 4259 1254 4306 land
1269 4260 1330 4308 irom
1345 4262 1388 4308 the
1401 4260 1535 4324 obligatior

328 4321 491 4385 ‘legationes'
503 4338 565 4371 vere
574 4321 673 4378 abnsed,
686 4321 750 4368 until
760 4336 775 4367 s
786 4320 837 4368 Lex
847 4320 914 4369 Julia
946 4320 974 4367 os
981 4328 1104 4384 payment,
1119 4324 1182 4371 their
1198 4338 1289 4386 povvers
1300 4340 1361 4373 vrere
1371 4326 1458 4375 indeed
1469 4334 1536 4376 most

326 4388 357 4436 of
371 4388 400 4437 C·
416 4388 497 4437 Julius
511 4387 598 4435 Caesar
616 4386 737 4435 corrected
755 4385 798 4432 tbe
814 4384 914 4433 sbusea
944 4384 1072 4435 unlimited
1098 4388 1146 4435 and
1174 4394 1238 4437 most
1267 4390 1408 4453 dangerons.
1452 4394 1488 4441 As
1507 4400 1534 4440 tn

326 4451 584 4501 little-‘adrentum'
612 4450 721 4499 SeeVoL
734 4450 755 4497 1.
767 4449 872 4497 verr-ii.
890 4451 911 4499 1.
946 4450 1072 4513 Hiempsal
1087 4452 1136 4499 and
1154 4454 1197 4500 the
1213 4454 1279 4517 Ager
1294 4455 1474 4517 Recentoricus,
1493 4472 1534 4506 see

326 4532 348 4565 c.
371 4516 603 4581 19.-⁴pactiones:’
629 4515 787 4576 bargainings,
805 4514 912 4562 betam
945 4514 1205 4580 DeLeg.Agr.ii.21.

328 4581 465 4629 Decemviri
480 4580 528 4629 and
541 4580 636 4643 people,
653 4580 696 4628 the
707 4579 794 4643 people
809 4578 912 4642 wishing
