3517 5325
611 497 791 562 HABITO
815 497 917 564 cAP.
939 497 991 578 47,
1006 501 1060 564 48.
1374 497 1439 565 ³47

235 687 307 746 erat
322 678 461 745 libertini
475 679 568 758 lilius,
581 679 614 744 in
629 688 776 746 senatum
787 701 850 743 non
866 679 964 764 legit;
981 681 1086 745 locum
1100 679 1228 766 quidem
1242 678 1438 744 senatorium

236 779 318 842 ludis
333 786 366 843 et
381 785 488 842 cetera
503 785 690 842 ornamenta
704 777 864 862 relinquit,
881 786 915 842 et
930 799 1003 841 eum
1018 778 1103 842 omni
1125 777 1298 862 ignominia
1313 777 1437 840 liberat.

238 876 331 958 Quod
354 897 452 961 quum
474 875 562 950 lacit,
584 875 709 959 judicat
733 875 802 958 ejus
826 875 987 939 sententia
1011 875 1114 962 gratis
1132 895 1202 938 esse
1228 874 1439 959 Oppianicum

236 975 491 1040 condemnatum.
539 972 584 1036 Et
599 973 735 1036 eundem
752 971 923 1056 Popillium
937 979 1052 1057 postea
1076 972 1232 1037 Lentulus
1253 971 1285 1034 iu
1299 971 1439 1034 ambitus

234 1073 354 1158 judicio
369 1093 427 1156 pro
450 1069 634 1134 testimonio
658 1069 899 1154 diligentissime
922 1069 1042 1134 laudat.
1087 1069 1193 1149 Quare
1218 1069 1371 1154 sineque
1398 1068 1435 1132 L.

237 1169 331 1234 Gellii
343 1167 465 1253 judicio
476 1167 570 1231 stetit
586 1167 750 1242 Lentulus,
761 1187 863 1252 neque
876 1165 1004 1230 Lentuli
1019 1166 1254 1231 existimatione
1269 1173 1439 1230 contentus

236 1268 297 1332 luit
323 1265 452 1342 Gellius,
476 1273 511 1329 et
531 1264 559 1328 si
581 1277 715 1348 uterque
738 1283 850 1327 censor
872 1264 1012 1328 censoris
1034 1265 1180 1350 opinione
1203 1264 1353 1329 standum
1374 1285 1438 1327 non
1472 1338 1476 1344 ¹

237 1365 372 1451 putavit,
389 1363 464 1449 quid
480 1369 531 1427 est
544 1363 749 1448 quamobrem
764 1361 931 1448 quisquam
945 1370 1091 1427 nostrum
1106 1363 1266 1426 censorias
1280 1362 1438 1448 subscrip·

237 1463 340 1528 tiones
355 1483 464 1526 omnes
478 1462 560 1524 fixas
574 1467 608 1524 et
623 1459 655 1523 in
670 1467 857 1546 perpetuum
871 1467 960 1524 ratas
972 1466 1067 1546 putet
1080 1481 1150 1524 esse
1164 1462 1331 1545 oporteret

283 1559 454 1624 XLVIII.
479 1558 528 1624 At
542 1559 574 1622 in
590 1559 693 1644 ipsum
710 1557 869 1622 Habitum
884 1559 1186 1624 animadverterunt.
1231 1557 1360 1623 Nullam
1371 1557 1440 1643 qui·

238 1660 310 1722 dem
325 1659 366 1722 ob
382 1656 619 1741 turpitudinem,
637 1655 756 1719 nullum
772 1657 812 1719 ob
827 1655 929 1719 totius
943 1657 1036 1735 vitae,
1053 1678 1116 1720 non
1132 1656 1235 1722 dicam
1249 1657 1370 1734 vitium,
1382 1656 1440 1719 sed

237 1763 388 1820 erratum.
434 1754 545 1838 Neque
562 1753 646 1818 enim
662 1753 722 1817 hoc
737 1753 863 1817 homine
877 1754 1019 1818 sanctior
1032 1776 1135 1840 neque
1149 1753 1277 1841 probior
1291 1774 1393 1838 neque
1407 1751 1440 1816 in

238 1853 383 1916 omnibus
398 1852 509 1917 officiis
524 1851 698 1916 retinendis
712 1851 895 1936 diligentior
908 1873 980 1916 esse
995 1852 1160 1937 quisquam
1182 1859 1311 1939 potest;
1336 1871 1440 1936 neque

237 1951 282 2014 illi
303 1951 396 2014 aliter
418 1949 537 2027 dicunt,
555 1949 612 2013 sed
635 1949 768 2013 eandem
792 1947 877 2012 illam
899 1950 1016 2013 famam
1036 1950 1150 2035 judicii
1173 1951 1315 2036 corrupti
1338 1949 1441 2014 secuti

237 2055 333 2122 sunt;
357 2069 459 2132 neque
475 2047 535 2132 ipsi
550 2067 642 2110 secus
657 2047 842 2111 existimant
863 2068 958 2132 quam
980 2069 1039 2112 nos
1052 2049 1228 2114 existimari
1243 2049 1386 2112 volumus
1400 2047 1440 2112 de

238 2146 333 2229 hujus
347 2146 477 2230 pudore,
493 2144 688 2228 integritate,
705 2145 844 2219 virtute;
869 2147 926 2208 sed
941 2155 1097 2230 putarunt
1117 2147 1330 2232 praetermitti
1347 2167 1441 2209 accu-

237 2251 376 2307 satorem
396 2263 459 2305 non
483 2241 627 2326 potuisse
648 2263 744 2326 quum
767 2241 1021 2305 animadversum
1036 2251 1122 2307 esset
1140 2244 1172 2306 in
1190 2244 1323 2328 judices.
1369 2241 1441 2321 Qua

238 2341 326 2404 dere
342 2346 412 2404 tota
426 2340 454 2402 si
469 2359 567 2402 unum
580 2339 699 2402 iactum
715 2360 755 2402 ex
771 2338 856 2403 omni
878 2339 1070 2424 antiquitate
1084 2341 1255 2425 protulero,
1271 2339 1362 2424 plura
1376 2360 1441 2401 non

238 2438 351 2502 dicam.
397 2437 470 2501 Non
482 2437 565 2499 enim
579 2435 657 2500 mihi
672 2437 849 2521 exemplum
864 2437 978 2499 summi
993 2445 1027 2501 et
1041 2438 1205 2500 clarissimi
1220 2437 1287 2515 viri,
1303 2437 1341 2500 P.
1356 2435 1441 2498 Atri-

237 2535 317 2611 cani,
334 2534 598 2619 praetereundum
613 2533 748 2611 videtur,
766 2533 818 2618 qui
842 2555 939 2618 quum
957 2542 1044 2598 esset
1066 2555 1187 2612 censor,
1204 2543 1238 2599 et
1253 2535 1285 2597 in
1300 2534 1441 2619 equitum

237 2655 334 2699 censu
359 2632 394 2696 Ο.
413 2631 554 2695 Licinius
578 2631 735 2695 Sacerdos
758 2631 926 2716 prodisset,
944 2631 1031 2695 clara
1053 2653 1130 2697 voce
1153 2641 1189 2698 ut
1213 2633 1315 2697 omnis
1334 2631 1441 2697 contio

236 2731 347 2796 audire
370 2736 489 2814 posset,
513 2728 594 2791 dixit
617 2750 652 2791 se
675 2728 757 2792 scire
781 2728 867 2791 illum
891 2730 994 2793 verbis
1016 2732 1180 2816 conceptis
1201 2734 1381 2817 pejerasse;
1413 2732 1441 2795 si

238 2829 309 2914 quis
325 2834 439 2891 contra
453 2826 548 2890 vellet
563 2826 677 2904 dicere,
693 2848 823 2889 usurum
846 2848 917 2891 esse
939 2848 1011 2891 eum
1025 2850 1083 2891 suo
1103 2831 1305 2902 testimonio;
1329 2830 1441 2893 deinde

237 2948 333 3011 quum
350 2946 441 2989 nemo
458 2924 714 3003 contradiceret,
738 2924 835 3009 jussit
858 2946 975 3009 equum
996 2927 1173 2992 traducere.
1221 2926 1274 2993 lta
1296 2928 1333 3006 is,
1350 2928 1442 3011 cujus

237 3023 370 3087 arbitrio
393 3030 426 3086 et
450 3023 587 3107 populus
617 3021 780 3085 Romanus
809 3030 843 3087 et
872 3031 1001 3087 exterae
1031 3034 1145 3111 gentes
1173 3033 1342 3090 contentae
1371 3046 1441 3089 esse

238 3130 474 3199 consueverant,
492 3121 561 3206 ipse
583 3140 641 3183 sua
661 3119 796 3183 scientia
817 3120 859 3183 ad
886 3120 1091 3204 ignominiam
1114 3124 1246 3188 alterius
1271 3130 1442 3189 contentus

237 3220 393 3285 nonfuit.
446 3218 590 3299 Quodsi
617 3218 678 3282 hoc
704 3217 828 3283 Habito
853 3218 958 3283 lacere
984 3220 1135 3300 licuisset,
1159 3222 1251 3287 facile
1278 3222 1339 3286 illis
1363 3221 1442 3306 ipsis

271 3419 309 3467 tu.
327 3418 358 3465 Ρ.
370 3416 507 3480 Αίνίοαπὲᾱ
526 3414 621 3465 Thisis
640 3422 734 3478 sstory
751 3416 825 3463 about
855 3416 947 3477 iudum
964 3418 1158 3469 est.”—‘contra
1173 3422 1245 3471 vellet
1262 3420 1366 3469 dicere?
1393 3420 1443 3468 this

237 3480 279 3528 the
296 3498 402 3544 younger
417 3483 550 3529 AfrIcanus.
598 3482 709 3529 Plutarch
727 3480 823 3544 (Pomp.
856 3482 930 3530 isthe
941 3484 1011 3531 order
1021 3486 1185 3543 oIST.,aud
1193 3488 1337 3535 betterthan
1350 3486 1444 3533 ‘dicere

237 3546 280 3604 22)
292 3546 360 3593 hasa
376 3553 442 3609 story
454 3546 532 3594 which
551 3546 659 3607 explains
676 3546 718 3593 the
737 3551 824 3592 matter
856 3546 945 3604 vellet'
959 3548 996 3595 tor
1014 3550 1034 3596 it
1051 3565 1141 3607 means,
1158 3551 1180 3598 if
1191 3568 1238 3614 any
1251 3566 1297 3599 one
1311 3551 1400 3598 wished
1416 3557 1443 3597 to

237 3611 311 3657 about
322 3612 363 3658 the
374 3611 460 3658 horse:
479 3616 494 3639 ‘⁴
504 3612 558 3658 ltIs
575 3610 617 3659 the
631 3616 723 3659 custom
736 3624 824 3669 among
856 3612 1034 3673 spsekagainst
1050 3616 1173 3673 Sacerdos,
1184 3616 1216 3664 he
1231 3617 1309 3678 might
1326 3616 1386 3663 have
1399 3616 1444 3663 the

237 3675 279 3720 the
292 3675 385 3720 Roman
396 3676 505 3737 Equites,
517 3675 586 3721 when
598 3675 654 3736 they
666 3676 726 3721 have
741 3674 824 3721 served
856 3690 940 3724 censor
958 3693 984 3724 as
1001 3694 1016 3725 s
1034 3680 1138 3727 witness.
1173 3680 1306 3732 QuIntihan
1327 3680 1400 3743 (lost.
1419 3694 1443 3726 v.

237 3738 279 3784 the
293 3738 352 3783 timo
366 3740 429 3785 fixed
448 3738 479 3799 hy
494 3740 547 3795 law,
563 3744 589 3785 to
606 3738 659 3785 lead
673 3738 737 3785 their
754 3738 824 3785 horse
859 3740 896 3786 lI.
921 3740 963 3803 13)
980 3742 1089 3803 explains
1110 3744 1348 3791 it:“testi1nonium
1370 3744 1443 3790 ettam

237 3802 289 3849 into
305 3802 347 3847 the
359 3802 446 3848 Forum
462 3802 542 3849 before
556 3802 599 3849 the
615 3808 662 3849 two
678 3818 734 3849 men
745 3803 824 3848 whom
856 3804 984 3863 pclbcitus,
1001 3808 1022 3853 si
1039 3808 1093 3868 quis
1109 3812 1193 3855 centn
1208 3808 1304 3863 diceret,
1320 3807 1388 3853 nullo
1403 3821 1444 3853 ae·

237 3866 295 3926 they
306 3866 351 3911 call
362 3880 465 3919 censore.
477 3865 523 3912 end
533 3866 594 3913 alter
605 3866 755 3926 mentioning
766 3865 824 3912 esch
857 3873 955 3915 cusante
965 3870 1089 3917 naducere
1096 3886 1184 3933 equum
1195 3887 1280 3932 passus
1287 3871 1350 3917 est.''
1367 3870 1443 3916 ‘'lte-

237 3930 333 3991 geuersl
350 3930 397 3975 end
421 3930 554 3990 Imperator
576 3930 652 3977 under
673 3930 751 3975 whom
768 3930 826 3989 they
858 3930 945 3979 ducere
965 3934 1070 3993 equum'
1091 3934 1168 3982 lethe
1186 3936 1247 3981 form
1265 3936 1291 3981 In
1306 3934 1385 3981 which
1400 3934 1444 3981 the

238 3996 298 4041 have
310 3994 402 4048 served,
414 3993 460 4039 and
472 3994 553 4053 giving
563 4008 594 4039 sn
605 4000 707 4040 account
721 3994 749 4039 ol
763 3994 826 4039 their
858 4009 943 4043 censor
960 3998 1012 4043 told
1035 3999 1078 4046 the
1106 4014 1162 4045 man
1181 4005 1207 4045 to
1227 4014 1257 4057 go
1277 4014 1325 4045 ou:
1349 3998 1380 4045 he
1396 3998 1444 4045 had

238 4060 335 4114 service,
348 4059 405 4118 they
417 4058 508 4103 receive
519 4057 581 4103 their
592 4054 737 4105 dismissal.”
769 4056 823 4105 Tho
855 4060 941 4119 passed
958 4067 1056 4109 masur.
1089 4063 1142 4110 The
1159 4078 1244 4109 censor
1261 4063 1312 4110 aeid
1332 4062 1444 4109 ‘Treduc

237 4138 334 4171 censore
364 4138 396 4169 cn
426 4122 476 4169 this
502 4122 613 4169 ocmdon
642 4136 704 4169 were
731 4120 822 4169 Gellius
856 4125 964 4185 squum,'
987 4126 1008 4171 if
1031 4127 1062 4173 he
1083 4128 1131 4174 had
1152 4128 1256 4189 nothing
1280 4128 1375 4189 agaim
1401 4127 1444 4173 the

237 4188 284 4236 and
297 4186 424 4235 Lentulus.
858 4186 949 4250 Eques.
983 4190 1157 4253 Orid(Tristia
1167 4192 1192 4239 ii.
1205 4191 1280 4254 5⁴¹)ss

269 4254 348 4299 vertit
366 4250 499 4312 conceptis]
526 4248 621 4297 ‘Verba
638 4248 768 4310 concepta’
786 4264 826 4296 erc

236 4334 252 4365 8
268 4324 304 4364 set
321 4316 382 4364 form
400 4316 428 4363 os
444 4314 530 4362 words.
564 4314 648 4362 Cicero
665 4312 715 4377 (De
730 4314 778 4361 Off.
790 4314 823 4361 lli.
858 4324 865 4349 ⁶
904 4320 1074 4383 ‘Cumineque
1084 4322 1216 4379 ediderem,
1227 4337 1303 4384 quum
1320 4320 1445 4369 tedelicte

236 4382 280 4443 29)
303 4382 411 4443 expletos
432 4382 452 4428 it
474 4379 521 4428 and
545 4378 717 4441 'perjuriumr'
741 4376 824 4425 “Non
954 4392 1078 4435 notantem

236 4448 300 4493 euim
313 4447 399 4493 fulsum
414 4447 494 4507 jurare
506 4444 627 4505 perjurare
638 4448 689 4500 estt
706 4442 748 4491 sed
760 4442 824 4505 quod
915 4449 1029 4497 Praeterii
1040 4452 1112 4500 toties
1121 4451 1176 4512 jure
1187 4450 1283 4513 quletue
1293 4449 1394 4513 equee”

237 4526 266 4557 ex
281 4512 355 4559 anImi
371 4511 408 4557 tui
424 4510 543 4558 sententiis
558 4508 654 4570 juraris,
666 4508 729 4555 sicut
745 4506 824 4555 verbIs

239 4576 373 4638 concipitur
389 4590 455 4624 more
466 4580 558 4632 nesto,
570 4572 595 4621 id
610 4587 660 4621 non
677 4572 754 4621 iacere
769 4587 824 4634 per·
890 4568 936 4617 doe
953 4568 1049 4618 Habito
1060 4568 1162 4633 sacen]
1180 4568 1233 4617 'lhe
1251 4569 1317 4618 word
1335 4568 1444 4617 ‘iecere'
