3517 5325
721 475 824 543 OAP.
847 483 945 556 9,10.
1372 495 1434 560 209

228 650 263 708 et
281 644 353 729 ejus
373 644 455 710 lilius
479 645 517 711 L.
533 646 654 712 Atilius
675 653 710 713 et
730 656 872 714 armatos
893 651 938 716 ibi
961 651 1058 720 luisse
1083 664 1118 721 et
1139 679 1174 722 se
1196 679 1272 724 suos
1291 670 1434 728 armatos

228 743 400 808 adduxisse
415 745 574 810 dixerunt.
620 746 728 810 Etiam
743 748 805 812 hoc
819 750 972 840 amplius:
997 775 1093 838 quum
1108 755 1266 822 Aebutius
1278 759 1434 827 Caecinae

227 843 346 905 malum
360 843 545 922 minaretur,
561 845 605 908 ibi
619 853 688 910 tum
704 847 872 911 Caecinam
884 850 1061 934 postulasse
1076 859 1113 916 ut
1128 855 1267 918 moribus
1283 857 1432 923 deductio

226 939 330 1005 lieret.
375 941 450 1006 Hoc
465 942 550 1006 idem
567 943 606 1007 P.
623 943 764 1008 Rutilius
779 945 871 1024 dixit,
889 955 923 1010 et
938 969 975 1011 eo
990 949 1143 1014 libentius
1158 952 1248 1028 dixit,
1265 961 1303 1018 ut
1324 955 1431 1040 aliquo

226 1037 259 1101 in
271 1039 393 1122 judicio
408 1041 478 1125 ejus
488 1041 672 1105 testimonio
683 1043 839 1107 creditum
851 1052 1029 1128 putaretur.
1061 1047 1134 1112 Duo
1150 1057 1316 1134 praeterea
1330 1059 1432 1116 testes

226 1137 305 1200 nihil
318 1138 359 1202 de
369 1137 408 1215 vi,
420 1139 477 1203 sed
486 1139 526 1202 de
537 1162 571 1203 re
583 1139 651 1224 ipsa
665 1149 762 1225 atque
772 1141 932 1224 emptione
945 1143 1033 1208 lundi
1049 1146 1218 1221 dixerunt3
1245 1148 1284 1212 P.
1296 1148 1431 1214 (lassen-

226 1234 308 1311 nius,
318 1245 431 1302 auctor
445 1237 544 1313 sandi,
555 1259 618 1301 non
633 1245 700 1302 tam
715 1241 910 1304 auctoritate
919 1243 1008 1326 gravi
1020 1266 1114 1329 quam
1129 1253 1307 1330 corpore,ct
1318 1269 1431 1332 argen-

225 1333 329 1396 tarius
353 1335 429 1398 Sex.
442 1334 580 1412 Clodius,
596 1335 646 1399 cui
665 1358 781 1400 nomen
801 1346 852 1402 eet
873 1337 1035 1418 Phormio,
1052 1363 1111 1406 nec
1132 1342 1237 1407 minus
1260 1343 1350 1430 niger
1373 1367 1431 1410 nec

224 1431 331 1496 minus
345 1432 508 1496 conlidens
523 1455 617 1518 quam
631 1433 683 1497 ille
696 1433 908 1500 Terentianus
923 1445 974 1502 est
990 1437 1151 1516 Phormio,
1169 1439 1246 1502 nihil
1255 1440 1294 1503 de
1304 1441 1333 1504 vi
1343 1441 1430 1505 dixe-

224 1538 310 1606 runt,
324 1529 401 1593 nihil
415 1539 581 1616 praeterea
595 1531 680 1616 quod
694 1533 735 1594 ad
750 1540 891 1596 vestmm
902 1535 1057 1618 judicium
1072 1537 1257 1622 pertineret.
1296 1537 1429 1603 Decimo

224 1651 301 1693 vero
311 1630 382 1694 loco
393 1629 489 1694 testis
500 1639 704 1715 exspectatus
713 1638 747 1695 et
758 1631 800 1694 ad
810 1639 990 1696 extremum
1001 1643 1181 1700 reservatus
1193 1635 1283 1714 dixit,
1300 1645 1430 1700 senator

224 1727 332 1813 populi
348 1727 493 1806 Romani,
510 1728 659 1812 splendor
673 1729 801 1807 ordinis,
819 1730 917 1794 decus
932 1740 1029 1818 atque
1053 1741 1275 1798 ornamentum
1293 1735 1429 1820 judicio-

224 1847 306 1902 rum,
322 1826 483 1912 exemplar
496 1827 644 1912 antiquae
658 1827 828 1912 religionis,
847 1827 1066 1896 Fidiculanius
1083 1831 1234 1908 Falcula;
1260 1833 1314 1918 qui
1331 1855 1430 1918 quum

224 1923 273 1988 ita
288 1923 454 1987 vehemens
467 1945 603 2009 acerque
617 1924 756 1988 venisset
771 1931 807 1988 ut
822 1946 885 1988 non
901 1927 996 1991 modo
1017 1929 1185 1992 Caecinam
1209 1930 1348 2014 perjurio
1370 1952 1429 1994 suo

223 2021 374 2098 laederet,
390 2022 447 2086 sed
463 2022 560 2088 etiam
575 2021 652 2085 mihi
667 2021 828 2087 videretur
841 2024 946 2106 irasci,
964 2025 1011 2090 ita
1026 2049 1099 2090 eum
1114 2027 1274 2112 placidum
1290 2028 1428 2093 mollem·

225 2140 287 2203 que
310 2119 431 2183 reddidi
455 2130 492 2186 ut
513 2142 576 2184 non
597 2121 739 2199 auderet,
756 2121 840 2186 sicut
861 2123 1060 2200 meministis,
1077 2125 1194 2190 iterum
1218 2126 1332 2205 dicere,
1350 2134 1429 2212 quot

224 2216 322 2280 millia
344 2217 459 2282 fundus
482 2239 559 2282 suus
581 2218 710 2283 abesset
732 2220 774 2282 ab
790 2217 891 2285 Urbe.
938 2221 1021 2284 Nam
1044 2244 1141 2306 quum
1165 2223 1300 2288 dixisset
1323 2225 1429 2289 minus

226 2334 312 2390 roso,
328 2315 464 2401 populus
479 2337 552 2379 cum
571 2316 635 2379 risu
652 2317 850 2394 acclamavit,
869 2319 959 2403 ‘ipsa
981 2320 1070 2382 esse'
1118 2318 1333 2385 Meminerant
1347 2321 1432 2385 enim

225 2433 334 2476 onrnes
348 2421 502 2498 quantum
516 2413 548 2476 in
565 2414 703 2479 Albiano
714 2414 837 2498 judicio
851 2414 1041 2498 accepisset.
1088 2415 1127 2478 In
1142 2437 1214 2480 eum
1229 2417 1304 2502 quid
1323 2418 1428 2492 dicam

223 2509 284 2574 nisi
298 2510 331 2573 id
346 2511 430 2596 quod
444 2533 563 2596 negare
577 2532 640 2574 non
655 2511 779 2595 possiti
800 2511 923 2574 venisse
938 2511 970 2574 in
981 2511 1145 2574 consilium
1158 2513 1303 2596 publicae
1315 2534 1428 2597 quaes-

223 2607 331 2689 tionis,
347 2631 443 2696 quum
459 2608 530 2692 ejus
544 2607 665 2673 consilii
676 2608 778 2693 judex
791 2629 856 2673 non
871 2615 958 2673 esset
971 2634 980 2683 ς
1006 2615 1040 2673 et
1062 2607 1095 2672 in
1117 2630 1155 2673 eo
1173 2609 1315 2687 consilio,
1332 2633 1429 2697 quum

220 2820 282 2869 adds
305 2818 366 2867 ‘hoc
387 2822 424 2867 est
444 2822 548 2866 mortem
566 2816 714 2877 minaretur,'
730 2816 809 2865 which
840 2818 896 2867 thls.
931 2818 1023 2867 Idon't
1032 2818 1102 2866 thinlr
1112 2818 1166 2866 thet
1174 2818 1306 2867 thislsthe
1317 2818 1429 2881 meaning

219 2884 312 2933 abeund
327 2884 498 2945 interpolation
508 2883 569 2930 both
580 2883 653 2931 Klotz
669 2883 716 2931 and
728 2883 810 2930 Baiter
841 2884 869 2931 of
889 2882 981 2945 ‘niger'
1001 2884 1026 2931 in
1043 2883 1092 2931 this
1110 2899 1215 2945 passage.
1251 2883 1290 2931 He
1310 2884 1331 2931 is
1353 2884 1428 2933 called

219 2952 284 2998 heve
300 2948 409 2995 retained
424 2948 450 2995 in
468 2948 510 2995 the
524 2952 584 2996 text.
618 2946 692 2995 Klots
710 2947 809 2995 delenda
842 2946 936 3009 ‘niger'
956 2949 1057 2996 Mauso
1078 2948 1105 2996 ol
1126 2949 1163 2996 his
1185 2948 1296 2997 baduess.
1331 2948 1427 2997 Horace

220 3016 241 3062 it
251 3015 278 3061 in
289 3029 304 3060 a
315 3028 415 3060 manner
424 3014 479 3061 that
488 3013 510 3061 is
520 3012 648 3060 ridiculosa
658 3030 664 3071 ς
681 3012 737 3070 end,
745 3012 810 3059 what
842 3014 905 3077 (Sat.
914 3013 930 3061 i.
938 3018 962 3061 4.
972 3028 993 3059 v.
1002 3011 1045 3075 td)
1050 3028 1121 3075 says:
1140 3018 1155 3041 ‘⁴
1167 3012 1215 3062 Hic
1223 3014 1290 3076 niger
1300 3017 1352 3071 est,
1363 3013 1429 3061 hunc

220 3080 243 3127 is
264 3082 329 3126 most
350 3077 478 3125 ridiculous
508 3078 556 3126 aad
576 3083 641 3125 most
661 3084 758 3135 unaue,
779 3078 810 3124 he
842 3078 1107 3126 tnRomenecaveto.”

221 3144 311 3191 adime
337 3142 392 3190 that
416 3143 485 3190 there
510 3143 580 3191 could
604 3142 635 3190 be
658 3157 691 3190 no
714 3142 810 3203 ‘justus
875 3142 1111 3205 Decimoverolcce]
1133 3142 1205 3191 Klotz
1217 3142 1366 3203 conjectures
1374 3142 1428 3190 that

221 3207 319 3261 metus,'
337 3207 388 3255 sear
401 3208 427 3255 in
445 3208 488 3255 the
505 3208 567 3269 legal
584 3222 661 3264 sense,
679 3208 760 3255 unless
779 3206 810 3255 hs
841 3207 947 3255 intrials
958 3207 1039 3255 before
1049 3208 1238 3270 Recuperstcres
1251 3206 1308 3269 only
1320 3212 1361 3255 ten
1373 3208 1427 3255 wit-

221 3288 271 3320 sras
289 3273 430 3321 threatened
448 3273 507 3320 with
522 3273 603 3329 death,
619 3272 698 3320 which
712 3274 809 3319 heom-
842 3287 924 3320 uessea
935 3288 996 3320 ware
1007 3272 1114 3330 allowed,
1129 3289 1144 3320 a
1160 3272 1296 3319 conclusion
1314 3272 1391 3319 which
1406 3272 1428 3320 is

221 3337 388 3399 pletelylalse.
412 3337 807 3386 Heinslstsalsoonthcrhetori-
840 3337 954 3399 certainly
965 3343 1010 3384 not
1024 3338 1130 3398 justified
1147 3336 1179 3398 by
1195 3336 1244 3385 this
1260 3352 1373 3399 passage3
1391 3337 1428 3385 lor

222 3403 259 3449 cal
269 3402 356 3464 boeuty
363 3402 464 3450 osthese
472 3402 563 3461 roms,
579 3402 683 3449 wherein
691 3402 712 3449 it
721 3402 808 3449 iahard
840 3417 876 3449 ne
886 3402 918 3449 do
928 3407 972 3449 not
982 3402 1052 3449 know
1064 3402 1117 3449 thet
1127 3402 1183 3463 only
1194 3406 1236 3449 ten
1252 3416 1314 3450 nere
1329 3400 1428 3449 allowed

222 3472 249 3514 to
260 3466 395 3528 agreenith
407 3467 466 3515 him.
839 3466 941 3515 bemuse
947 3467 1003 3529 only
1011 3466 1242 3516 tenarementioned
1251 3467 1316 3515 here.
1349 3466 1428 3515 There
1452 3482 1453 3485 ’

254 3532 435 3594 aectorsandi]
456 3531 658 3580 ‘Thevendorol
665 3530 806 3579 theutate!
839 3546 888 3591 are,
908 3532 1025 3588 however,
1042 3546 1109 3581 some
1125 3533 1195 3579 other
1210 3546 1307 3579 reasons
1324 3532 1350 3578 in
1368 3547 1426 3595 sup·

222 3596 250 3643 P.
263 3596 410 3644 &aenaim
421 3611 468 3644 nae
478 3596 548 3644 heres
559 3597 591 3660 (c.
603 3598 631 3658 4)
642 3596 690 3643 and
707 3596 738 3643 he
754 3594 807 3642 sold
839 3602 896 3659 port
906 3597 934 3644 ol
942 3597 979 3644 hia
990 3597 1126 3657 conjecture
1139 3598 1232 3659 (Klots,
1244 3612 1268 3659 p.
1280 3595 1349 3658 487).

220 3660 263 3708 the
280 3666 357 3709 estate
379 3660 466 3723 (quum
487 3667 551 3709 esset
569 3661 628 3709 haec
644 3662 724 3708 auctio
737 3660 807 3708 hers·
871 3664 952 3709 minas
963 3662 1044 3724 rooo,]
1063 3662 1116 3709 The
1137 3661 1248 3721 readings
1269 3676 1310 3707 are
1330 3661 1427 3708 ‘minus

183 3724 188 3731 '
221 3726 307 3773 ditaris
317 3727 454 3783 constituta,
466 3726 533 3789 ct).
552 3726 662 3774 SeeVol.
672 3727 693 3773 1.
702 3726 771 3773 Verr.
780 3726 805 3772 ii.
838 3724 922 3773 abesae
944 3726 1011 3783 s111,‘
1034 3726 1082 3772 and
1113 3727 1207 3773 ‘minus
1235 3724 1322 3772 habers
1356 3723 1426 3771 arn!

221 3792 245 3837 ὁ.
253 3805 274 3837 c.
283 3794 458 3838 22.—¹nomen
466 3791 482 3837 :'
495 3790 657 3853 ‘cognomen'
669 3790 708 3845 Τ..
716 3790 805 3838 Baiter.
840 3790 930 3847 Keller,
941 3790 995 3838 who
1006 3790 1085 3837 writes
1096 3794 1103 3817 ⁴
1113 3790 1193 3837 minus
1200 3788 1278 3845 roco,'
1290 3788 1333 3835 has
1344 3802 1427 3847 every

256 3856 417 3903 Terentianus
427 3861 463 3903 eat
471 3856 612 3917 Phouraia]
630 3854 683 3903 'l'he
692 3854 806 3902 Phormio
837 3854 963 3915 ingenious
971 3858 1036 3911 noto,
1047 3854 1073 3900 iu
1083 3854 1162 3901 which
1173 3852 1288 3900 heshows
1299 3851 1353 3898 that
1366 3864 1425 3899 rooo

220 3919 249 3966 ol
256 3919 362 3967 Terence
373 3920 393 3967 is
404 3920 442 3967 his
458 3920 512 3969 beet
522 3921 585 3982 play,
597 3920 644 3967 and
657 3920 699 3967 the
709 3920 805 3967 charac-
838 3920 917 3979 might
927 3918 1000 3978 easily
1011 3918 1110 3965 become
1122 3932 1181 3964 urm.
1214 3916 1268 3963 The
1279 3914 1355 3961 words
1368 3914 1425 3962 ‘hs-

218 3989 258 4031 ter
268 3984 346 4031 ottho
354 3986 457 4046 parasite
469 3986 580 4032 Phormio
591 3986 612 4031 is
623 3984 737 4031 sketched
748 3982 806 4029 with
839 3982 906 4029 bere’
926 3982 973 4029 and
992 3980 1102 4028 ‘abesse'
1123 3996 1186 4027 seem
1202 3979 1263 4026 both
1279 3984 1305 4025 to
1319 3978 1350 4026 be
1367 3993 1425 4039 spu·

219 4055 287 4109 great
304 4049 366 4096 slill.
400 4049 505 4097 Cicero's
524 4050 638 4095 allusione
652 4055 679 4095 to
701 4048 807 4095 Terence
838 4049 912 4103 riona,
924 4046 962 4093 lor
973 4046 1014 4093 the
1029 4046 1133 4092 humour
1148 4046 1190 4091 lies
1205 4044 1230 4089 in
1241 4044 1283 4090 the
1300 4042 1426 4090 confusion

218 4113 267 4160 end
286 4113 327 4161 the
344 4116 480 4176 quotations
490 4114 552 4161 from
569 4114 620 4159 him
636 4127 678 4159 are
693 4128 749 4173 very
760 4126 805 4157 nu·
839 4110 947 4158 hetnaen
966 4109 1076 4171 ‘meus’
1094 4108 1141 4155 and
1159 4107 1294 4162 ‘sestertii,’
1312 4106 1388 4159 which
1406 4110 1426 4155 is

219 4192 322 4225 memus.
357 4179 419 4226 Geta
433 4177 531 4240 saysel
548 4176 660 4223 Phormio
672 4176 806 4238 (Phormio,
839 4176 940 4237 entirely
951 4176 999 4222 lost
1015 4174 1037 4221 il
1052 4172 1257 4220 either‘habere’
1269 4186 1297 4219 or
1313 4170 1424 4218 ‘abesse'

218 4242 236 4291 i.
254 4246 278 4290 2.
297 4242 356 4306 72):
386 4244 455 4291 “Est
477 4241 595 4303 parasitm
613 4240 710 4301 quidam
729 4240 804 4286 Phor·
836 4241 856 4287 is
867 4241 892 4287 in
904 4240 946 4287 the
957 4244 1018 4287 text.
1052 4237 1240 4297 Cicerochargcs
1254 4236 1424 4283 themanwith

219 4308 278 4364 mio,
291 4308 372 4355 Homo
388 4308 521 4362 confidens,
533 4305 574 4367 qni
590 4304 658 4351 illum
677 4303 703 4350 di
720 4317 805 4350 omnes
836 4304 924 4365 haring
935 4305 997 4351 been
1008 4302 1092 4351 bribed
1104 4302 1173 4348 when
1185 4300 1215 4348 he
1230 4316 1278 4347 was
1289 4316 1304 4347 a
1312 4300 1387 4361 judex
1398 4300 1424 4348 in

218 4372 359 4433 perduint.”
378 4373 523 4420 Ithaabeen
531 4369 651 4432 supposed
660 4367 804 4415 thatCicero
836 4368 878 4415 the
899 4369 955 4415 trial
976 4369 1004 4415 ol
1028 4368 1118 4415 Statius
1138 4365 1256 4414 Albianus
1276 4364 1424 4427 Oppianicus

219 4437 277 4483 calls
305 4438 356 4484 him
379 4436 479 4497 ‘niger'
492 4436 593 4483 because
609 4433 725 4496 parasites
742 4446 805 4479 sere
837 4432 1024 4494 (ProClueutio,
1036 4431 1118 4495 cdl).
1142 4430 1424 4489 ButseeProClueutio,

217 4503 372 4563 represented
388 4518 421 4562 on
433 4502 476 4550 the
492 4506 559 4563 stage
575 4500 633 4547 with
649 4497 718 4546 hlaclr
734 4496 805 4553 frou.
839 4512 860 4545 c.
872 4500 912 4554 37.

217 4566 266 4614 aad
279 4566 352 4614 Klotz
374 4572 460 4629 quotes
475 4567 518 4616 the
540 4580 639 4629 passage
654 4564 680 4612 in
696 4561 768 4626 procl
781 4562 810 4610 ol

264 4652 339 4695 VOL.
363 4653 402 4694 11.
1233 4646 1251 4687 P
