3517 5325
324 479 387 542 144
662 474 798 540 ORAT.
822 473 913 539 PRO
939 473 987 538 M.
1012 471 1186 536 TULLIO

324 668 440 724 sumas,
456 653 495 712 ut
509 645 559 710 his
572 645 689 731 aliquid
702 646 742 710 ad
755 645 962 731 judicandum
976 644 1144 730 relinquas.
1191 641 1337 728 Namque
1352 647 1448 706 antea
1461 663 1527 706 non

324 746 515 812 defensionis
530 753 603 810 tuae
618 744 740 820 modus,
756 745 812 808 sed
832 767 896 808 nox
916 743 975 808 tibi
990 742 1086 806 finem
1106 741 1232 806 dicendi
1255 740 1344 806 fecit.
1391 739 1484 805 Nnnc
1498 739 1527 804 si

278 876 280 879 ·
323 845 383 911 tibi
398 845 522 930 placere
542 849 661 928 potest,
682 865 722 906 ne
743 842 827 905 idern
844 841 943 905 iacias
966 840 999 904 id
1018 842 1076 904 abs
1095 846 1129 904 te
1149 838 1287 925 postulo.
1334 837 1445 923 Neque
1465 837 1527 902 hoc

324 943 442 1008 idcirco
462 941 598 1027 postulo,
616 940 702 1024 quod
727 947 761 1004 te
780 939 899 1024 aliquid
924 959 1071 1003 censeam
1094 937 1268 1022 praeterire
1288 945 1445 1022 oportere,
1470 941 1528 999 aut

324 1063 388 1106 non
417 1062 512 1126 quam
541 1037 742 1102 ornatissime
771 1045 805 1100 et
830 1036 1046 1121 copiosissime
1079 1035 1193 1112 dicere,
1225 1055 1333 1098 verum
1362 1040 1400 1098 ut
1429 1033 1528 1098 semel

324 1158 511 1224 unaquaque
525 1136 566 1200 de
581 1158 615 1199 re
630 1134 728 1199 dicas
774 1133 867 1214 Quod
882 1134 909 1198 si
923 1133 1030 1212 facies,
1051 1154 1115 1196 non
1129 1153 1239 1196 vereor
1253 1152 1294 1195 ue
1309 1129 1444 1195 dicendo
1459 1131 1528 1196 dies

324 1237 493 1301 eximatur.

370 1334 399 1403 7·
422 1331 587 1397 Judicium
612 1338 753 1395 vestrum
776 1336 836 1407 est,
863 1329 1128 1415 Recuperatores,
1155 1348 1320 1394 anaunia
1351 1347 1527 1390 rncnnran

326 1453 438 1495 ranan
463 1451 551 1494 nono
578 1450 674 1492 nato
700 1427 884 1490 Flumina
912 1426 951 1490 P.
980 1426 1069 1490 Fam
1094 1447 1128 1488 vr
1153 1445 1346 1488 nournrnus
1369 1445 1527 1486 nuuarrs

326 1550 513 1593 concrmvn
530 1547 682 1591 nnnrnnu
699 1547 820 1588 aaron
836 1545 918 1588 assu
933 1523 981 1589 M.
995 1524 1136 1588 Tuccio.
1181 1522 1263 1608 Ejus
1274 1520 1320 1586 rei
1330 1521 1529 1586 taxationem

325 1650 384 1691 nos
398 1627 550 1699 fecimus3
572 1623 727 1709 judicium
742 1623 852 1686 datum
867 1628 919 1686 est
933 1621 965 1684 in
981 1621 1200 1707 quadruplum.

370 1729 400 1788 8.
425 1723 529 1802 Quum
557 1743 668 1786 omnes
693 1721 782 1806 leges
809 1719 977 1804 omniaque
994 1719 1126 1804 judicia,
1154 1739 1235 1805 quae
1259 1717 1353 1803 paulo
1381 1716 1528 1802 graviora

325 1827 423 1905 atque
437 1818 600 1902 asperiora
613 1817 761 1881 videntur
775 1838 856 1893 esse,
873 1839 913 1881 ex
933 1817 1149 1902 improborum
1172 1815 1340 1901 iniquitate
1360 1823 1395 1879 et
1414 1813 1528 1900 injuria

326 1924 404 1981 nata
418 1924 513 1992 sunt3
538 1923 608 1980 tum
622 1915 683 1979 hoc
700 1915 854 2000 judicium
873 1915 985 2000 paucis
1004 1913 1091 1979 hisce
1111 1915 1202 1978 annis
1221 1920 1353 1999 propter
1366 1912 1528 1976 hominum

326 2015 443 2079 malam
458 2012 719 2078 consuetudinem
733 2012 926 2098 nimiamque
940 2012 1100 2076 licentiam
1113 2012 1324 2076 constitutum
1338 2018 1398 2076 est.
1444 2009 1528 2073 Nam

327 2135 423 2200 quum
447 2111 566 2175 multae
588 2110 726 2174 familiae
752 2110 932 2174 dicerentur
957 2109 990 2173 in
1015 2110 1102 2196 agris
1130 2108 1310 2196 longinquis
1339 2116 1374 2173 et
1401 2106 1528 2194 pascuis

326 2218 468 2276 armatae
484 2232 554 2274 esse
570 2209 743 2294 caedesque
761 2209 874 2287 lacere,
894 2230 1053 2294 quumque
1072 2230 1111 2273 ea
1130 2207 1324 2272 consuetudo
1345 2229 1408 2271 non
1427 2206 1529 2270 solum

326 2308 369 2372 ad
383 2329 435 2371 res
449 2307 653 2393 privatorum,
671 2307 727 2370 sed
741 2305 783 2370 ad
797 2327 952 2370 summam
971 2328 1038 2370 rem
1060 2306 1218 2392 publicam
1237 2305 1395 2391 pertinere
1411 2304 1528 2370 videre·

326 2414 390 2482 tur,
409 2405 457 2469 M.
476 2404 635 2481 Lucullus,
652 2403 706 2489 qui
728 2425 851 2467 summa
867 2403 1030 2488 aequitate
1050 2411 1084 2468 et
1103 2404 1260 2489 sapientia
1276 2404 1331 2488 jus
1351 2403 1441 2482 dixit,
1465 2403 1528 2487 pri·

326 2525 398 2567 mus
412 2503 472 2566 hoo
484 2501 640 2586 judicium
654 2499 843 2586 composuit,
859 2506 894 2564 et
903 2500 936 2563 id
951 2500 1117 2585 spectavit,
1128 2509 1165 2565 ut
1176 2501 1319 2566 homines
1333 2500 1380 2566 ita
1393 2499 1529 2564 familias

326 2621 402 2667 suas
425 2598 634 2677 continerent,
661 2606 785 2663 utnon
808 2597 904 2662 modo
937 2597 1052 2663 armati
1081 2598 1231 2663 damnum
1259 2597 1376 2663 nemini
1405 2598 1527 2677 darent,

327 2721 437 2764 verum
452 2698 550 2763 etiam
563 2696 701 2761 lacessiti
713 2697 785 2781 jure
800 2718 835 2760 se
849 2694 959 2782 potius
973 2718 1069 2781 quam
1082 2697 1179 2761 armis
1194 2697 1408 2762 defenderent.

371 2803 402 2863 9.
427 2797 473 2861 Et
496 2818 592 2882 quum
615 2796 711 2860 sciret
734 2796 773 2860 de
792 2795 908 2859 damno
928 2795 1032 2879 legem
1055 2816 1124 2858 esse
1149 2795 1320 2881 Aquiliam,
1337 2802 1446 2861 tamen
1469 2794 1529 2859 hoc

327 2896 375 2961 ita
392 2895 593 2973 existimavit,
616 2894 702 2979 apud
725 2893 863 2979 majores
887 2900 1025 2974 nostros,
1043 2915 1139 2979 quum
1159 2900 1192 2958 et
1210 2914 1262 2957 res
1283 2902 1317 2958 et
1337 2893 1530 2979 cupiditates

328 3106 439 3155 followed
449 3102 915 3166 thsCod.‚for‘aecum'is⁸genuina
948 3104 995 3153 Pro
1015 3104 1126 3162 Caecina,
1146 3118 1167 3153 c.
1185 3104 1373 3153 2-‘multae
1399 3102 1529 3151 familiae?

329 3173 401 3228 form,
415 3173 463 3220 like
475 3171 605 3226 ‘relicum’
618 3168 742 3217 ‘inicum’
947 3169 1028 3217 thiais
1047 3170 1089 3217 the
1099 3182 1211 3217 common
1226 3169 1321 3218 &man
1338 3169 1475 3231 expression
1492 3168 1531 3215 lor

363 3237 413 3297 tis]
434 3236 494 3285 cod.
514 3236 558 3282 has
573 3236 603 3290 r'r,
614 3234 660 3282 but
676 3234 696 3280 it
715 3248 799 3280 means
819 3233 866 3289 hir,
877 3232 916 3279 ior
947 3234 990 3281 the
1001 3234 1077 3282 slaves
1095 3235 1123 3281 oi
1139 3250 1154 3281 a
1164 3249 1229 3291 man,
1244 3249 1271 3282 as
1289 3234 1408 3281 ‘familiae
1422 3233 1530 3296 publica-

331 3298 620 3347 ‘his'aud⁴iis’or‘is’
633 3298 746 3345 meallen
754 3296 914 3345 ooniounded.
948 3298 1052 3356 norum,'
1070 3300 1118 3346 and
1133 3299 1202 3346 other
1218 3299 1266 3347 huc
1280 3299 1435 3361 expressions.
1468 3298 1531 3357 Livy
1595 3296 1601 3307 “

365 3368 389 3419 7.
406 3363 513 3424 Datum]
532 3363 585 3410 The
600 3362 660 3410 Cod.
677 3362 776 3409 Tauria.
794 3361 838 3409 hus
858 3361 914 3409 ‘da-
949 3362 1041 3427 (rxxir.
1054 3363 1097 3427 29)
1115 3364 1201 3425 speaks
1223 3364 1261 3415 oi,
1278 3364 1441 3411 disturbanoes
1460 3362 1532 3410 mado

333 3428 423 3519 tuml‘
443 3426 496 3475 The
514 3427 575 3514 (dod.
595 3425 708 3518 dmbros.
722 3426 770 3511 ‚has
790 3425 914 3503 ‘laetum'
948 3426 980 3503 hy
988 3428 1033 3503 the
1044 3428 1150 3489 Apulian
1167 3428 1306 3505 shepherdp,
1325 3429 1380 3489 ‘qui
1393 3428 1441 3475 rias
1457 3426 1531 3473 latro·

331 3490 724 3612 cronacum
740 3491 916 3603 remu
948 3490 1530 3618 neus.linoreunnnnm

331 3620 362 3697 de
372 3622 410 3668 his
422 3622 467 3697 qui
483 3620 612 3711 eliudcpint
622 3620 659 3666 vel
670 3619 801 3679 dejecerint
811 3619 879 3682 (Dig.
891 3624 916 3677 9,
980 3636 1099 3697 rammam
1109 3636 1161 3669 rem
1177 3622 1315 3684 publicum]
1343 3622 1387 3669 See
1410 3620 1456 3669 Pro
1474 3620 1530 3668 Sex.

331 3684 697 3799 iiduiildldinmfaldt’uuilvliaaldirssl
714 3697 744 3730 ex
764 3699 793 3730 ω
806 3699 833 3731 m
848 3684 916 3731 dm.
950 3685 1137 3811 Rli'iidiei'iirii]c'
1149 3687 1332 3798 5Clddlo'i'euiurin.
1353 3750 1396 3798 has
1418 3762 1531 3803 rnoron,

365 3813 527 3875 taxationem]
551 3812 612 3860 Thia
633 3812 714 3859 isthc
732 3812 808 3875 fixiug
828 3828 857 3861 or
872 3813 915 3861 de·
948 3814 1164 3877 probablyamaro
1175 3830 1240 3862 error
1256 3816 1284 3863 ol
1296 3817 1338 3863 the
1349 3815 1501 3870 traumiber,
1513 3814 1535 3860 if

333 3875 916 3992 ‘luttffl‘uulllvltlffilllt
948 3878 1533 3993 tl”titulatus-‘5humil:

331 3960 442 4084 ippess‘
450 4009 476 4055 in
494 4008 537 4055 tha
547 4006 667 4054 adverbial
679 4006 741 4081 torm
754 3976 916 4083 '‘duiptaxatss
949 3978 1066 4055 meditari
1078 3978 1237 4057 couiounded.
1295 3960 1314 3993 ³¹

332 4074 380 4187 qnqi
392 4072 498 4184 ,ia-¹⁰¹1&
508 4072 792 4184 ftqrmpl'aepasdrpmfflffl}
803 4070 915 4182 (ruff
982 4076 1006 4121 9.
1022 4073 1189 4186 mirethrid:
1201 4072 1313 4185 Ambrprs.
1334 4070 1532 4182 ‘scherith-‘ulp-

332 4153 494 4250 condeirina.”
510 4200 580 4249 Aster
587 4201 629 4248 the
637 4201 702 4248 word
712 4151 832 4247 ‘fodiammi
831 4200 839 4224 ’
848 4152 918 4248 tulii
948 4152 1003 4248 iveri:1
1008 4152 1107 4249 euidcseted
1125 4154 1157 4250 rin
1169 4139 1343 4265 thiempropolidl
1362 4138 1533 4249 dleiodiiulrii

332 4267 390 4315 isin
400 4268 442 4314 the
453 4266 541 4314 second
552 4266 644 4313 edition
654 4265 682 4312 oi
694 4265 768 4313 Orelli
785 4265 828 4311 the
838 4265 917 4312 words
948 4264 1014 4313 hune
1024 4266 1110 4314 named
1122 4268 1240 4329 Aquilius,
1248 4268 1292 4314 but
1300 4267 1403 4327 nothing
1414 4267 1434 4313 is
1445 4266 1533 4312 known

332 4332 480 4379 ‘aestimatio
491 4336 571 4380 restra
578 4330 632 4378 est!
665 4329 749 4377 Keller
760 4329 803 4377 has
815 4329 917 4377 omitted
949 4330 978 4377 ol
993 4330 1043 4378 him
1055 4347 1083 4378 or
1098 4332 1126 4379 ol
1142 4332 1184 4379 the
1203 4332 1261 4379 timo
1273 4332 1341 4379 when
1359 4330 1401 4377 tha
1417 4330 1467 4377 Lex
1485 4344 1533 4375 was

331 4396 407 4443 them.
442 4398 481 4444 lle
492 4396 550 4443 does
561 4402 606 4442 not
616 4410 658 4457 say
669 4394 731 4456 why.
950 4396 1056 4443 erractud.
1091 4396 1127 4444 Its
1146 4412 1250 4459 purpose
1267 4397 1288 4443 is
1307 4396 1433 4458 explained
1450 4396 1474 4441 in
1492 4394 1534 4439 tho

357 4461 497 4523 seeimw]
517 4461 570 4508 The
592 4460 654 4508 eod.
672 4458 847 4507 Ambrosias
870 4472 917 4505 rre-
950 4460 1036 4520 Digast
1048 4459 1098 4521 (Ad
1110 4460 1200 4521 Legem
1212 4460 1342 4522 Aquiliam,
1351 4461 1406 4521 Dig.
1419 4462 1441 4507 a.
1454 4462 1478 4507 2.
1492 4458 1532 4519 l):

333 4526 400 4573 cru'.
488 4538 491 4542 ·
950 4524 1024 4571 “Lex
1043 4525 1140 4587 Aquilia
1158 4524 1270 4571 omnibus
1288 4524 1389 4585 legibus,
1402 4538 1464 4585 quae
1478 4528 1536 4569 arrto

365 4594 388 4639 8.
411 4591 489 4646 Quum
513 4603 594 4636 omnes
613 4589 676 4649 lepos
698 4587 757 4649 dc}
796 4586 916 4651 Compara
949 4604 975 4637 se
984 4589 1013 4635 de
1024 4588 1112 4637 damno
1124 4590 1211 4650 injuria
1221 4589 1316 4636 locutae
1328 4594 1393 4647 sunt,
1403 4588 1534 4648 derogavit.
