3517 5325
329 491 394 564 366
642 500 777 567 ORAT.
803 497 895 566 PRO
918 501 961 566 A.
985 500 1223 568 OLUENTIO

330 670 586 756 colliquefactum
607 670 640 734 in
663 671 793 756 potione
811 673 918 737 essetl
949 672 1081 736 celerius
1101 673 1209 758 potuit
1233 679 1410 739 comestum
1439 698 1536 762 quam

329 775 458 856 epotum
484 769 516 832 in
548 789 644 833 venas
674 777 770 855 atque
804 769 837 833 in
867 789 976 834 omnes
1005 777 1115 856 partes
1150 771 1291 856 corporis
1329 777 1536 856 permanare!

286 862 290 866 ’
328 866 451 930 facilius
475 866 583 931 fallere
607 867 638 930 in
664 889 756 952 pane,
783 867 810 932 si
835 873 922 932 esset
944 868 1207 945 animadversum,
1235 888 1331 954 quam
1353 868 1385 932 in
1410 872 1533 955 poculo,

327 985 424 1050 quum
437 965 484 1028 ita
498 964 663 1028 confusum
678 973 766 1030 esset
780 972 817 1029 ut
832 963 956 1029 secerni
974 965 1060 1028 nullo
1075 966 1170 1029 modo
1185 973 1295 1051 posset
1302 967 1408 1032 t-At
1422 991 1535 1054 repen·

328 1062 394 1127 tina
408 1067 510 1125 morte
525 1061 765 1146 periit—Quod
784 1063 812 1126 si
831 1070 918 1128 esset
939 1063 984 1128 ita
1008 1063 1139 1141 iactum,
1158 1073 1266 1127 tamen
1281 1085 1320 1127 ea
1334 1087 1387 1128 res
1402 1076 1534 1152 propter

326 1159 498 1223 multorum
527 1159 682 1243 ejusmodi
712 1181 829 1239 casum,
860 1160 989 1224 minime
1017 1160 1141 1224 firmam
1174 1163 1285 1225 veneni
1320 1164 1533 1248 suspicionem

326 1257 469 1321 haberet.
526 1255 560 1318 si
584 1251 670 1321 es'set
695 1257 914 1342 suspiciosum,
938 1265 1047 1322 tamen
1069 1258 1111 1320 ad
1134 1257 1214 1320 alios
1239 1259 1348 1343 potius
1371 1281 1467 1345 quam
1489 1262 1532 1325 ad

326 1355 484 1418 Habitum
508 1355 692 1439 pertineret.
739 1354 861 1419 Verum
885 1355 919 1418 in
942 1377 979 1420 eo
1003 1353 1072 1440 ipso
1095 1355 1240 1420 homines
1256 1356 1531 1441 impudentissime

324 1453 532 1517 mentiuntur.
579 1451 618 1516 Id
642 1459 678 1517 ut
702 1452 887 1538 intelligatis
910 1460 945 1518 et
966 1460 1102 1516 mortem
1117 1453 1196 1538 ejus,
1217 1461 1252 1517 et
1266 1455 1531 1538 quemadmodum

324 1557 398 1636 post
413 1558 547 1615 mortem
562 1550 594 1612 in
612 1550 769 1615 Habitum
784 1552 828 1615 sit
844 1551 962 1615 crimen
977 1573 998 1614 a
1012 1557 1115 1614 matre
1130 1547 1318 1636 quaesitum,
1336 1553 1528 1638 cognoscite.

367 1649 472 1728 Quum
487 1669 586 1730 vagus
600 1655 634 1712 et
656 1649 746 1712 exsul
760 1656 891 1722 erraret,
906 1655 1003 1734 atque
1018 1647 1158 1732 undique
1172 1648 1319 1712 exclusus
1334 1649 1530 1734 Oppianicus

322 1746 354 1810 in
373 1741 544 1810 Falernum
566 1767 601 1809 se
626 1747 668 1809 ad
684 1746 719 1812 O.
743 1746 931 1828 Quintilium
953 1745 1149 1821 contulisset,
1166 1746 1210 1809 ibi
1234 1746 1372 1831 primum
1391 1747 1425 1809 in
1446 1766 1530 1810 mor·

322 1845 397 1907 bum
419 1841 539 1919 incidit,
555 1865 594 1906 ac
616 1843 697 1907 satis
718 1844 925 1908 vehementer
947 1843 1064 1929 diuque
1083 1844 1271 1928 aegrotavit.
1318 1843 1422 1924 Quum
1443 1854 1530 1910 esset

322 1963 385 2003 una
402 1939 518 2017 Sassia,
536 1962 634 2026 eaque
662 1941 736 2004 Sex.
760 1941 857 2005 Albio
878 1942 1013 2026 quodam
1034 1941 1155 2016 colono,
1180 1941 1305 2004 homine
1319 1942 1447 2020 valenti,
1473 1944 1529 2027 qui

322 2037 416 2102 simul
445 2059 514 2102 esse
539 2039 672 2114 solebat,
697 2037 880 2101 familiarius
904 2045 1051 2103 uteretur
1079 2058 1173 2124 quam
1196 2039 1244 2102 vir
1266 2038 1529 2104 dissolutissimus

321 2133 470 2198 incolumi
489 2136 616 2199 fortuna
631 2135 698 2220 pati
720 2141 838 2220 posset,
856 2141 891 2199 et
902 2136 956 2219 jus
977 2135 1053 2198 illud
1073 2135 1266 2199 matrimonii
1285 2144 1409 2200 castum
1430 2144 1529 2222 atquo

320 2232 498 2317 legitimum
542 2232 744 2296 damnatione
783 2231 841 2295 viri
878 2233 1039 2297 sublatum
1079 2233 1298 2308 arbitraretur,
1323 2233 1528 2297 Nicostratus

321 2331 458 2417 quidam,
482 2330 586 2394 fidelis
603 2329 769 2416 Oppianici
791 2330 944 2407 servulus,
962 2329 1162 2414 percuriosus
1179 2338 1214 2394 et
1231 2330 1359 2393 minime
1380 2332 1526 2408 mendax,

320 2428 422 2494 multa
444 2429 558 2494 dicitur
573 2428 699 2492 domino
722 2427 905 2490 renuntiare
927 2426 1041 2491 solitus
1058 2448 1140 2490 esse.
1185 2426 1317 2491 Interea
1332 2427 1528 2512 Oppianicus

321 2549 417 2612 quum
442 2527 510 2610 jam
533 2526 775 2603 convalesceret,
806 2546 909 2610 neque
937 2524 1173 2609 improbitatem
1198 2523 1302 2588 coloni
1327 2525 1360 2587 in
1390 2525 1528 2588 Falerno

321 2625 441 2690 diutius
455 2625 536 2689 ferre
555 2629 676 2711 posset,
694 2630 727 2689 et
742 2623 804 2688 huc
820 2623 861 2686 ad
878 2619 1002 2686 Urbem
1017 2622 1179 2708 proiectus
1193 2629 1288 2701 esset,
1306 2624 1429 2689 solebat
1443 2624 1528 2689 euim

321 2731 413 2788 extra
428 2730 550 2807 portam
567 2722 686 2809 aliquid
708 2722 825 2785 habere
841 2720 1002 2795 conducti,
1018 2720 1169 2784 cecidisse
1192 2720 1232 2784 de
1246 2744 1328 2807 equo
1345 2721 1469 2801 dicitur,
1493 2728 1528 2787 et

320 2821 415 2885 homo
427 2821 550 2885 infirma
562 2820 742 2886 valetudine
757 2820 841 2884 latus
856 2817 1025 2881 offendisse
1035 2818 1245 2897 vehementer,
1259 2828 1302 2897 et,
1319 2826 1528 2905 posteaquam

320 2918 362 2983 ad
385 2916 509 2983 Urbem
531 2941 602 2983 cum
624 2916 704 2982 febri
720 2916 850 2993 venerit,
866 2914 977 3001 paucis
992 2916 1104 2979 diebus
1119 2938 1188 2980 esse
1204 2924 1359 2981 mortuus.
1407 2916 1528 2982 Mortis

319 3016 412 3095 ratic,
420 3017 551 3101 judices,
563 3016 717 3101 ejusmodi
733 3022 828 3079 estut
838 3020 896 3077 aut
906 3012 984 3075 nihil
996 3014 1114 3077 habeat
1125 3013 1322 3099 suspicionis,
1335 3022 1401 3092 aut,
1414 3014 1528 3100 siquid

320 3110 425 3187 habet,
442 3110 474 3173 id
488 3110 573 3173 intra
588 3110 725 3193 parietes
741 3108 773 3170 in
785 3106 960 3171 domestico
969 3106 1087 3171 scelere
1097 3118 1251 3172 versetur.
1290 3107 1426 3172 LXIII.
1445 3109 1528 3175 Post

319 3215 455 3272 mortem
467 3208 536 3291 ejus
552 3206 660 3269 Sassia
674 3205 777 3267 moliri
787 3204 898 3269 statim
912 3205 1034 3269 nefaria
1048 3205 1160 3268 mulier
1171 3206 1279 3290 coepit
1290 3206 1423 3270 iusidias
1436 3207 1523 3272 lilio:

319 3302 536 3388 quaestionem
551 3302 667 3366 habere
682 3302 721 3365 de
741 3302 799 3365 viri
820 3308 921 3366 morte
941 3303 1120 3367 constituit.
1166 3302 1256 3367 Emit
1271 3305 1310 3368 de
1326 3304 1369 3368 A.
1385 3304 1524 3390 Rupilio,

319 3421 382 3485 quo
405 3405 475 3463 erat
498 3420 574 3463 usus
605 3397 799 3484 Oppianicus
822 3398 954 3477 medico,
977 3399 1163 3464 Stratonem
1185 3402 1351 3486 quendam,
1375 3402 1465 3488 quasi
1486 3409 1525 3467 ut

318 3618 417 3681 reading
426 3618 455 3667 oi
467 3618 500 3667 all
509 3614 552 3667 the
563 3618 644 3677 MSS,
656 3618 704 3667 and
720 3618 740 3667 is
752 3619 818 3682 quite
829 3619 904 3681 plain,
938 3620 967 3669 oi
985 3620 1028 3668 tlre
1046 3620 1124 3668 words
1142 3620 1163 3669 is
1180 3620 1206 3668 in
1224 3620 1309 3669 favour
1326 3620 1355 3668 oi
1373 3621 1428 3669 that
1446 3620 1524 3669 which

318 3684 361 3731 the
372 3684 450 3733 critica
461 3684 521 3733 have
531 3690 576 3733 uot
591 3685 625 3733 let
641 3686 661 3731 it
671 3689 727 3743 rest,
738 3685 786 3732 and
797 3700 869 3745 many
880 3684 908 3732 oi
937 3686 1036 3734 Classen
1047 3686 1095 3733 and
1106 3686 1190 3733 Baiter
1199 3686 1259 3733 have
1269 3686 1350 3744 taken,
1361 3686 1410 3733 aad
1421 3686 1499 3734 which
1510 3686 1523 3734 1

317 3749 386 3797 them
397 3748 457 3797 have
467 3750 650 3797 recommended
668 3747 815 3797 ‘hrenum'
848 3750 905 3810 Any
936 3750 996 3798 have
1007 3750 1126 3798 iolloved.

318 3812 382 3875 body
394 3830 448 3877 may
459 3814 605 3862 understand
616 3813 720 3862 ‘latina’
753 3818 769 3841 ‘⁸
780 3814 804 3861 Is
819 3814 905 3877 poison
969 3814 1075 3875 colona]
1090 3814 1135 3862 See
1145 3812 1201 3861 Vol.
1220 3814 1241 3862 Ι.
1254 3813 1322 3861 Verr.
1337 3814 1364 3862 ii.
1380 3816 1404 3863 8.
1416 3828 1437 3861 c„
1449 3816 1481 3863 22
1492 3840 1526 3851 -

317 3878 419 3927 diffused
447 3893 513 3927 mure
540 3878 708 3943 completely,”
735 3893 789 3940 says
812 3878 904 3939 Cicero,
937 3879 1067 3925 ‘ineolumi
1084 3878 1181 3925 fortuna
1189 3877 1206 3925 ι’
1222 3879 1380 3941 Oppianicus,
1398 3878 1491 3940 though
1509 3894 1525 3926 a

318 3948 335 3972 ‘⁴
345 3958 411 3991 more
421 3942 532 4004 nidelp,’'
549 3960 575 3992 as
592 3943 624 3991 he
641 3944 684 3991 bas
701 3944 728 4000 it,
746 3944 840 3990 “when
852 3943 903 3990 itis
936 3947 1000 3990 most
1018 3942 1160 3990 abandoned
1176 3942 1263 3996 follow,
1282 3944 1361 3990 would
1375 3943 1424 3991 'not
1441 3944 1467 3989 in
1485 3942 1525 3991 his

317 4008 343 4055 in
354 4023 369 4055 a
380 4014 434 4070 part
444 4008 472 4056 oi
480 4024 495 4056 a
505 4008 556 4056 loai
564 4010 622 4056 than
633 4010 702 4056 when
714 4008 733 4054 it
744 4007 765 4055 is
775 4008 808 4054 all
824 4006 903 4055 mixed
953 4008 1071 4069 rosperity
1083 4006 1207 4069 (ineolumi
1223 4007 1331 4071 fortuna)
1348 4008 1409 4055 have
1425 4006 1525 4054 allowed

317 4072 343 4119 in
361 4088 377 4119 a
394 4072 530 4135 draught?”
565 4073 687 4135 Certainly
706 4072 726 4119 it
744 4072 765 4119 is
783 4076 840 4129 not;
860 4072 906 4119 but
955 4072 961 4083 '
985 4071 1074 4119 viseto
1085 4071 1145 4119 have
1156 4071 1293 4119 adulterous
1308 4073 1455 4119 intercourse
1465 4071 1525 4119 eim

318 4137 331 4184 1
341 4151 452 4199 suppose,
463 4154 489 4185 as
499 4138 556 4199 they
567 4153 629 4185 were
639 4142 723 4200 expert
733 4136 759 4183 in
770 4136 904 4197 poisoning,
937 4134 1031 4192 Albius,
1043 4150 1069 4183 as
1079 4134 1163 4183 Cicero
1174 4137 1306 4183 insinuatas
1317 4136 1371 4183 that
1381 4136 1425 4183 she
1436 4135 1490 4183 had.

317 4200 375 4263 they
385 4202 455 4249 could
471 4203 554 4264 poison
565 4218 581 4249 a
591 4201 668 4250 whole
683 4201 735 4249 loti
747 4216 774 4249 ss
784 4201 837 4247 vvell
853 4214 880 4247 as
890 4215 906 4247 a
970 4201 1004 4247 ud
1016 4200 1116 4261 Urbem]
1129 4200 1169 4247 He
1179 4215 1246 4247 <ame
1257 4216 1314 4247 near
1324 4206 1350 4247 to
1361 4201 1404 4248 the
1411 4201 1469 4262 city,
1477 4204 1485 4227 ⁴
1492 4199 1525 4247 ad

316 4270 379 4327 part.
938 4263 1097 4322 urbem,'but
1113 4264 1155 4311 did
1171 4270 1216 4311 not
1232 4271 1301 4312 enter
1316 4265 1344 4311 it.
1378 4264 1488 4311 SecVol.
1500 4263 1523 4311 1.

350 4329 577 4391 earum-tabern]
595 4330 655 4377 This
672 4330 693 4377 is
709 4329 752 4376 the
767 4328 865 4389 reading
879 4327 908 4376 oi
937 4327 1006 4375 Verr.
1028 4330 1084 4377 Aet.
1106 4330 1123 4376 i.
1146 4344 1167 4376 c.
1192 4330 1230 4377 le.
1269 4330 1315 4376 His
1337 4328 1479 4385 ‘exsilium'
1503 4328 1525 4375 it

318 4390 344 4440 S.
356 4392 394 4449 T.,
406 4393 516 4441 auditis
528 4394 599 4441 much
616 4394 724 4456 superior
742 4398 767 4441 to
785 4392 827 4439 the
838 4407 904 4439 oom-
937 4408 1022 4449 seems,
1033 4408 1080 4440 vas
1090 4392 1153 4440 from
1169 4394 1212 4441 the
1227 4393 1276 4455 city
1291 4393 1319 4440 of
1334 4393 1420 4447 Rome,
1431 4392 1480 4439 and
1491 4406 1525 4439 no

317 4470 375 4503 mon
390 4458 495 4519 reading,
508 4462 633 4505 “mortem
644 4459 702 4505 satis
714 4458 808 4504 firmam
816 4458 904 4504 veneni
936 4456 1037 4505 further.
1069 4456 1149 4504 There
1157 4472 1204 4504 rras
1213 4472 1245 4504 no
1252 4456 1443 4519 punishmentoi
1449 4456 1525 4504 deatlr

317 4521 476 4580 suspicionem
488 4538 536 4570 non
548 4520 672 4569 haberet.”
706 4522 904 4573 Weccnnottell
935 4536 997 4578 uovv,
1004 4520 1128 4568 ioraIaex
1138 4522 1221 4569 Porcia
1228 4522 1303 4569 anda
1314 4522 1365 4569 laex
1382 4520 1525 4583 Sempronia

223 4594 224 4597 ’
316 4582 394 4630 which
405 4584 426 4632 ia
436 4584 478 4631 the
488 4586 591 4647 genuine
601 4590 660 4641 text,
671 4584 717 4633 but
732 4586 775 4633 the
791 4586 903 4633 evidence
934 4586 1033 4634 forbade
1043 4586 1071 4643 it,
1082 4592 1168 4648 except
1178 4586 1216 4633 ior
1225 4591 1330 4644 moesou,
1341 4600 1368 4634 aa
1378 4586 1399 4633 it
1409 4599 1495 4633 seems.
