3517 5325
243 571 248 582 .
324 477 388 544 336
584 475 588 482 ’
626 475 762 542 ORAT.
787 475 878 541 PRO
904 476 947 542 A.
971 475 1211 542 OLUENTIO

325 647 386 711 silii
406 647 535 711 infamia
558 655 593 713 et
617 655 685 713 tam
708 647 827 711 atrocis
849 646 896 711 rei
915 646 1053 733 suspicio
1071 652 1159 711 esset
1178 646 1306 731 injecta,
1330 646 1437 732 paullo
1455 671 1533 733 pos-

325 745 425 810 terius
448 745 610 830 patelacta
631 765 666 808 re
692 745 882 809 maluerunt.
928 745 980 808 Ac
1005 767 1046 808 ne
1072 767 1113 808 ex
1136 744 1222 808 lacto
1245 744 1347 808 solum
1364 746 1533 831 sapientes

324 843 395 907 illos
406 843 568 928 judicetis,
583 844 640 907 sed
654 844 751 908 etiam
765 865 805 907 ex
820 842 999 906 hominibus
1012 842 1091 927 ipsis
1106 843 1191 926 quod
1206 841 1240 904 hi
1254 842 1398 908 fecerunt
1413 845 1532 908 rectis-

325 943 402 1006 sime
430 963 469 1006 ac
497 942 729 1027 sapientissime
754 942 874 1005 lactum
903 941 1055 1027 probetis,
1086 941 1157 1026 quis
1188 940 1226 1004 P.
1257 940 1392 1006 Octavio
1422 941 1531 1006 Balbo

324 1039 450 1124 ingenio
474 1040 666 1125 prudentior,
688 1041 760 1124 jure
783 1039 923 1124 peritior,
945 1039 1018 1118 fide,
1037 1039 1197 1125 religione,
1219 1040 1322 1104 officio
1344 1041 1532 1126 diligentior

323 1144 382 1201 aut
396 1138 538 1202 sanctior
555 1136 793 1202 commemorari
808 1139 937 1221 potest?
958 1159 1023 1201 non
1036 1137 1181 1202 absolvit.
1227 1137 1306 1218 Quis
1322 1138 1361 1218 Q.
1375 1138 1530 1203 Considio

324 1235 544 1300 constantior?
565 1235 636 1321 quis
658 1234 859 1319 judiciorum,
889 1242 988 1319 atque
1017 1235 1088 1319 ejus
1108 1235 1282 1320 dignitatis,
1308 1236 1447 1320 quaein
1474 1237 1530 1321 ju-

324 1333 414 1398 diciis
439 1334 571 1418 publicis
595 1333 712 1398 versari
740 1333 845 1410 debet,
868 1333 1022 1417 peritior?
1044 1333 1115 1418 quis
1136 1333 1265 1408 virtute,
1286 1334 1426 1410 consilio,
1450 1355 1531 1398 aue·

323 1433 456 1497 toritate
485 1432 718 1518 praestantior!
754 1454 794 1496 ne
824 1431 851 1495 is
871 1432 997 1516 quidem
1025 1431 1171 1496 absolvit.
1232 1431 1376 1517 Longum
1406 1440 1457 1497 est
1485 1433 1530 1496 de

323 1530 519 1615 singulorum
534 1530 652 1594 virtute
667 1530 714 1594 ita
728 1529 849 1604 dicere;
875 1551 967 1613 quae,
983 1529 1056 1614 quia
1077 1529 1208 1614 cognita
1222 1531 1353 1594 suntab
1368 1530 1527 1608 omnibus,

322 1629 490 1692 verborum
505 1634 689 1692 ornamenta
703 1649 766 1690 non
781 1634 947 1711 quaerunt.
993 1626 1103 1706 Qualis
1117 1626 1165 1691 vir
1182 1627 1229 1690 M.
1245 1627 1419 1692 «luventius
1434 1627 1528 1691 Pedo

322 1724 383 1789 fuit
406 1747 446 1788 ex
469 1732 576 1788 vetere
599 1725 653 1788 illa
673 1725 816 1808 judicum
838 1723 1026 1809 disciplina!
1046 1723 1149 1809 qualis
1166 1723 1203 1786 L.
1219 1724 1347 1789 Caulius
1372 1725 1529 1809 Mergus!

325 1823 373 1886 M.
390 1822 537 1886 Basilus!
559 1821 595 1886 O.
612 1821 795 1886 Oaudinust
817 1821 870 1907 qui
885 1842 995 1885 omnes
1008 1821 1042 1883 in
1060 1821 1188 1905 judiciis
1209 1821 1343 1906 publicis
1364 1823 1530 1906 jamtum

322 1919 455 1982 florente
477 1939 512 1980 re
531 1917 656 2002 publica
671 1918 854 1984 floruerunt.
901 1917 954 1980 Er
976 1918 1088 1982 eodem
1103 1940 1234 1982 numero
1255 1918 1293 1981 L.
1309 1917 1448 1996 Cassius,
1465 1919 1529 1983 On.

324 2015 436 2093 Heius,
458 2014 527 2099 pari
548 2021 582 2078 et
603 2015 789 2100 integritate
811 2023 845 2080 et
867 2016 1055 2100 prudentia:
1081 2037 1215 2100 quorum
1237 2015 1352 2081 nullius
1365 2018 1530 2082 sententia

322 2121 374 2178 est
398 2111 592 2198 Oppianicus
615 2112 789 2177 absolutus.
836 2113 947 2198 Atque
970 2113 1003 2176 in
1023 2113 1073 2177 bis
1094 2113 1241 2178 omnibus
1262 2123 1341 2179 natu
1367 2115 1527 2191 minimus,

321 2209 449 2297 ingenio
464 2216 498 2274 et
513 2209 678 2296 diligentia
692 2217 727 2276 et
747 2209 899 2296 religione
921 2232 979 2296 par
1001 2211 1040 2274 iis
1063 2232 1143 2295 quos
1164 2218 1260 2275 antea
1273 2211 1526 2292 commemoravi,

323 2309 361 2373 P.
380 2307 528 2372 Saturius
557 2307 590 2372 in
611 2308 722 2372 eadem
751 2309 913 2373 sententia
940 2307 1012 2372 fuit.
1058 2307 1087 2374 Ο
1110 2299 1326 2374 innocentiam
1356 2309 1528 2395 Oppianici

321 2407 533 2492 singularem!
567 2405 687 2491 quoin
717 2428 782 2482 reo,
813 2407 866 2491 qui
895 2405 1041 2485 absolvit,
1064 2406 1271 2484 ambitiosus,
1310 2408 1365 2493 qui
1390 2409 1526 2488 distulit,

321 2513 454 2578 cautus;
480 2505 533 2590 qui
548 2505 778 2584 condemnavit,
795 2513 947 2569 constans
961 2503 1170 2569 existimatur.

365 2601 551 2668 XXXIX.
576 2601 667 2666 Haec
691 2609 761 2667 tum
783 2609 902 2689 agente
925 2601 1056 2682 Quintio
1078 2624 1180 2688 neque
1198 2601 1230 2666 in
1253 2602 1402 2668 contione
1422 2624 1528 2689 neque

321 2700 354 2764 in
366 2700 486 2785 judicio
502 2702 722 2765 demonstrata
736 2709 821 2765 sunt.
867 2700 978 2785 Neque
993 2701 1077 2764 enim
1099 2700 1167 2785 ipse
1182 2700 1245 2764 dici
1260 2701 1451 2785 patiebatur,
1467 2723 1527 2765 nec

321 2822 378 2885 per
390 2800 626 2864 multitudinem
641 2800 835 2864 concitatam
851 2798 1026 2863 consistere
1041 2799 1187 2883 cuiquam
1202 2799 1235 2861 in
1250 2799 1383 2862 dicendo
1397 2799 1526 2864 licebat.

324 2896 438 2981 ltaque
463 2896 539 2981 ipse,
568 2903 738 2981 postquam
764 2896 788 2959 J
790 2896 898 2959 unium
915 2896 1077 2980 pervertit,
1101 2904 1204 2960 totam
1227 2918 1371 2959 caussam
1389 2896 1526 2981 reliquit.

323 2994 439 3057 Paucis
465 2994 549 3057 enim
575 2994 686 3057 diebus
709 2993 771 3056 illis
796 3000 830 3056 et
853 2994 921 3078 ipse
943 2994 1086 3077 privatus
1110 3001 1161 3058 est
1179 2993 1295 3069 factus,
1311 3002 1346 3057 et
1364 2993 1528 3057 bominum

321 3092 429 3156 studia
458 3090 625 3154 deservisse
653 3090 861 3175 intelligebat.
922 3090 1015 3171 Quod
1044 3090 1071 3154 si
1097 3112 1154 3175 per
1185 3112 1267 3175 quos
1295 3090 1363 3154 dies
1392 3090 1528 3153 Junium

322 3187 485 3252 accusavit
503 3185 733 3250 Fidiculanium
751 3208 905 3251 accusare
927 3186 1087 3264 voluisset,
1104 3187 1315 3271 respondendi
1328 3186 1527 3251 Fidiculanio

322 3292 467 3368 potestas
482 3284 567 3346 lacta
581 3304 644 3346 non
660 3290 756 3346 esset.
802 3282 854 3346 Ac
869 3283 970 3368 primo
987 3284 1112 3368 quidem
1132 3284 1279 3348 omnibus
1293 3284 1354 3348 illis
1367 3284 1528 3368 judicibus

324 3380 377 3464 qui
394 3378 602 3464 Oppianicum
617 3380 868 3445 condemnarant
881 3380 1073 3445 minabatur.
1104 3379 1182 3445 Jam
1190 3381 1389 3445 insolentiam
1403 3382 1528 3447 noratis

356 3586 504 3649 bominibus]
522 3586 575 3635 The
590 3586 688 3647 reading
705 3586 870 3635 ‘nominibus'
888 3587 909 3635 is
941 3586 1029 3649 speaks
1039 3586 1213 3636 ostreakol
1221 3586 1334 3635 Messana
1342 3586 1430 3634 named
1441 3586 1528 3635 Heius.

322 3654 349 3701 in
359 3666 392 3699 no
403 3650 473 3709 Ms.;
488 3651 535 3699 and
547 3652 567 3699 it
577 3652 656 3699 would
667 3650 697 3699 be
708 3650 799 3699 saleto
814 3653 874 3700 alter
890 3653 911 3701 it
943 3653 984 3700 He
1000 3652 1048 3699 bad
1066 3652 1139 3699 taken
1155 3668 1171 3700 a
1183 3652 1366 3709 &mannam
1377 3652 1528 3715 forwemy

323 3718 345 3766 is
353 3718 372 3765 it
383 3731 444 3763 were
454 3716 479 3763 in
487 3716 519 3763 all
530 3716 572 3763 tbe
580 3715 653 3763 MSS.
685 3716 767 3764 Baiter
775 3716 818 3764 bas
830 3717 910 3779 ‘qnod
942 3716 1122 3764 concludetbat
1137 3732 1164 3763 as
1180 3716 1211 3764 be
1229 3732 1278 3764 was
1295 3732 1311 3764 a
1329 3716 1416 3774 Greek,
1431 3716 1478 3763 and
1500 3732 1528 3765 aa

322 3781 474 3837 iifeoemnt,'
494 3780 539 3828 but
556 3796 592 3829 wa
609 3784 674 3828 want
693 3780 755 3839 ‘bi3’
775 3781 822 3829 and
840 3783 865 3829 S.
880 3782 911 3829 T.
944 3781 1021 3828 Heim
1032 3794 1115 3828 occurs
1132 3780 1198 3839 here,
1209 3780 1263 3829 that
1281 3780 1359 3829 Heius
1374 3780 1528 3829 issRomsn

323 3848 384 3895 bave
395 3850 401 3873 ⁴
411 3846 453 3893 bi!
475 3845 528 3893 The
536 3845 634 3906 reading
646 3844 772 3893 ‘fecerint'
784 3846 826 3893 isa
834 3846 910 3893 mani·
941 3846 1030 3908 gentile
1040 3860 1119 3892 name.

323 3913 371 3961 fest
381 3924 454 3967 error,
465 3910 542 3957 wbicb
553 3910 573 3957 is
584 3910 705 3957 corrected
716 3909 747 3973 by
760 3909 784 3957 S.
796 3910 825 3957 T.
858 3910 912 3958 Tha
975 3912 1016 3959 39.
1044 3908 1245 3971 Haec-ayma]
1266 3907 1388 3970 ‘Agenti,’
1408 3908 1433 3956 S.
1448 3908 1479 3957 T.
1497 3908 1527 3956 ll.

324 3990 394 4024 sense
403 3976 534 4037 requiresa
546 3974 783 4022 direotaffirmation.
946 3973 1360 4035 Tbeothcrreadingis‘agitante!
1395 3972 1528 4021 ‘Haec’is

357 4040 540 4087 commemorare·
546 4043 628 4100 potes!
636 4039 661 4100 ἵ]
674 4038 773 4086 Classen
781 4038 915 4086 has‘com·
946 4038 989 4085 tha
1011 4036 1401 4099 nominative.—‘pancis-illis:'
1428 4038 1527 4085 ‘within

324 4104 450 4152 memorari
469 4102 567 4165 posset!
605 4102 697 4151 ldon’t
708 4104 779 4150 know
795 4104 874 4150 where
885 4102 916 4149 he
947 4100 1070 4149 theaslew
1084 4100 1159 4163 daya'
1176 4102 1236 4149 isin
1250 4118 1266 4148 a
1281 4102 1325 4149 lew
1337 4103 1395 4164 days
1411 4100 1471 4149 alter
1484 4102 1528 4149 tbe

323 4168 482 4231 gotitfrom;
499 4166 604 4215 butitis
616 4182 705 4227 wrong.
943 4167 999 4219 rnin
1015 4166 1152 4214 orsenius.
1186 4166 1296 4213 SeeVol.
1313 4166 1334 4213 Ι.
1353 4166 1420 4212 Verr.
1432 4167 1456 4212 ii.
1470 4169 1492 4213 d.
1504 4181 1526 4213 c.

357 4232 447 4293 Balbo]
468 4232 496 4279 L.
509 4232 623 4279 Octavius
641 4232 731 4279 Balbus
748 4232 768 4278 ia
784 4230 871 4277 named
886 4230 913 4277 in
946 4230 1184 4278 la-‘defervissez’
1202 4230 1227 4277 S.
1234 4230 1263 4277 T.
1271 4230 1318 4289 M,
1329 4230 1421 4277 instead
1434 4230 1462 4277 ol
1471 4230 1528 4277 ‘de-

324 4297 366 4345 the
386 4296 485 4343 Verrine
504 4296 626 4351 Oratione,
644 4296 668 4342 ii.
685 4296 800 4352 2.c.12;
816 4296 863 4342 and
881 4294 914 4342 bs
944 4293 1286 4355 feminal-‘ignorantias’
1320 4295 1345 4341 8.
1362 4294 1401 4351 Τ.,
1419 4294 1526 4341 Classen.

324 4360 473 4421 msybethe
488 4360 639 4421 personabo
654 4361 675 4407 is
692 4360 831 4408 mentioned
847 4359 911 4406 bere.
943 4358 1216 4420 'l'beotberreadingia
1232 4358 1383 4419 ‘ignoratio'
1417 4358 1444 4405 ll
1459 4358 1528 4405 there

324 4425 514 4473 Buttbentbere
522 4426 578 4471 isan
586 4438 651 4471 error
659 4426 684 4471 in
692 4422 912 4485 tbe‘praenomen'
944 4424 1022 4484 barry
1043 4422 1177 4479 difference,
1203 4422 1303 4471 Classen
1330 4436 1446 4484 supposes
1473 4422 1528 4469 that

324 4490 350 4538 in
361 4502 407 4536 one
418 4504 516 4550 passage
527 4504 555 4537 or
565 4489 591 4534 in
602 4488 644 4535 tbe
655 4488 732 4546 other,
743 4489 806 4535 crin
818 4489 885 4536 both.
946 4487 1129 4547 ‘ignoratio'is
1145 4488 1273 4548 ignorancs
1292 4486 1320 4533 of
1333 4502 1381 4548 any
1399 4486 1529 4549 particular

359 4554 402 4601 Oa.
420 4552 521 4613 Heius]
548 4552 632 4617 cicero
649 4550 729 4615 (Verr.
751 4553 776 4600 u
795 4556 819 4601 4.
842 4568 862 4601 ο.
885 4550 913 4614 2)
945 4552 1041 4613 thiagn
1059 4550 1527 4614 ‘lgnomtis’isignoranoagenerally.
