3517 5325
583 474 762 540 ΗΑΒΙΤΟ
784 475 885 540 OAP.
909 478 1027 541 9-11.
1373 480 1435 542 305

233 645 361 722 auditis,
381 666 479 730 quum
502 667 549 723 ea,
573 667 655 731 qnae
680 645 899 730 copiosissime
922 645 985 709 dici
1014 651 1159 730 possunt,
1175 646 1316 710 breviter
1344 647 1434 711 stric-

232 746 355 830 timque
377 744 537 808 dicuntur.
585 745 636 808 Illi
655 745 828 810 audiebant
853 746 893 808 de
918 766 957 808 eo
986 745 1026 808 de
1051 766 1114 828 quo
1134 745 1235 828 jurati
1260 748 1438 811 sententias

232 843 314 906 ferre
330 843 510 916 debebant3
537 842 576 904 de
592 863 630 906 eo
653 844 746 927 cujus
767 841 947 926 praesentis
963 841 1118 905 nefarium
1139 847 1173 904 et
1187 844 1436 908 consceleratum

232 941 355 1004 vultum
369 939 597 1014 intuebantur;
623 940 662 1002 de
678 962 716 1004 eo
731 961 826 1024 quem
842 961 952 1002 omnes
960 939 1096 1002 oderant
1104 945 1234 1023 propter
1244 940 1433 1011 andaciam

233 1038 272 1100 de
287 1059 325 1100 eo
341 1059 435 1122 quem
457 1036 543 1099 omni
557 1036 709 1121 supplicio
732 1037 863 1122 dignum
884 1057 954 1100 esse
975 1036 1142 1100 ducebant.
1189 1034 1376 1100 Andiebunt
1393 1037 1435 1099 ab

232 1135 494 1207 accusatoribns;
533 1134 707 1199 audiebant
744 1137 842 1201 verba
870 1134 1042 1198 multorum
1070 1132 1224 1207 teatinm3
1263 1131 1436 1197 audiebant

232 1256 329 1318 quum
345 1253 540 1318 mmquaque
554 1233 594 1295 de
609 1255 644 1296 re
658 1254 678 1295 a
691 1233 729 1296 P.
743 1231 903 1296 Oannutio
917 1231 1043 1295 bomine
1063 1229 1319 1315 eloquentissimo
1332 1231 1435 1317 gravi·

232 1337 329 1395 teret
345 1330 400 1394 diu
415 1331 584 1394 diceretur.
630 1329 677 1392 Et
691 1337 743 1394 est
757 1329 936 1414 quisquam,
952 1328 1015 1413 qui,
1032 1350 1128 1412 quum
1145 1329 1223 1392 haec
1238 1328 1432 1413 cognoverit,

232 1429 385 1513 suspicari
408 1427 510 1512 possit
537 1426 746 1512 Oppianicum
766 1426 890 1512 judicio
913 1447 1100 1511 oppressum
1122 1433 1158 1490 et
1183 1425 1433 1490 circumventum

233 1549 303 1592 esse
318 1527 530 1591 innocentem.

276 1619 460 1684 Acervatim
481 1619 550 1702 jam
572 1617 701 1704 reliqna,
724 1617 858 1702 judices,
876 1619 990 1696 dicam,
1007 1623 1045 1682 ut
1058 1618 1100 1682 ad
1115 1639 1154 1681 ea
1178 1637 1259 1701 quae
1284 1615 1434 1701 propiora

231 1717 364 1801 hujusce
379 1737 511 1780 caussae
526 1724 559 1780 et
573 1716 774 1801 adjunctiora
784 1723 861 1780 sunt
871 1715 1062 1801 perveniam.
1101 1714 1173 1778 Vos
1183 1735 1299 1798 quaeso
1313 1735 1433 1777 memo-

231 1815 279 1878 ria
293 1813 439 1892 teneatis,
457 1835 520 1876 non
534 1812 611 1876 mihi
627 1813 687 1877 hcc
702 1835 772 1878 esse
791 1813 989 1898 propositum
1004 1819 1042 1876 ut
1060 1833 1206 1876 accusem
1222 1810 1432 1895 Oppianicum

231 1919 411 1988 mortuum
436 1913 502 1990 sed,
519 1933 615 1997 quum
633 1913 695 1976 hoc
714 1912 904 1998 persuadere
921 1911 1011 1975 vobis
1024 1909 1117 1973 velim
1134 1908 1290 1994 judicium
1307 1909 1348 1972 ab
1370 1908 1431 1972 hoc

231 2031 295 2073 non
317 2031 386 2073 esse
414 2017 607 2095 corruptum,
638 2009 699 2074 hoc
728 2009 776 2074 uti
804 2009 897 2074 initio
926 2031 965 2073 ac
993 2008 1200 2072 fundamento
1230 2007 1430 2084 defensionis,

233 2107 442 2192 Oppianicum
471 2108 628 2172 hominem
672 2107 952 2172 sceleratissimum
990 2115 1025 2170 et
1067 2104 1328 2170 nocentissimum
1363 2127 1432 2168 esse

231 2205 424 2284 damnatum,
442 2205 495 2291 qui
511 2205 603 2269 uxori
618 2227 694 2270 suae
710 2205 885 2280 Cluentiae,
901 2226 983 2289 quae
996 2203 1097 2267 amita
1110 2203 1206 2287 hujus
1230 2202 1345 2266 Habiti
1360 2202 1429 2279 luit,

231 2325 327 2389 quum
342 2303 409 2389 ipse
423 2303 569 2389 poculum
584 2303 734 2378 dedisset,
750 2303 857 2366 subito
872 2301 926 2364 illa
939 2301 972 2364 in
983 2300 1088 2364 media
1101 2300 1232 2384 potione
1242 2297 1432 2362 exclamavit

231 2424 265 2466 se
288 2403 426 2466 maximo
450 2424 521 2466 cnm
542 2401 649 2465 dolore
672 2401 780 2478 emori,
797 2422 856 2464 nec
879 2398 999 2461 diutius
1017 2397 1099 2460 vixit
1119 2419 1214 2482 quam
1232 2397 1341 2460 locuta
1355 2404 1427 2468 est;

230 2521 303 2562 nam
318 2499 350 2563 in
365 2499 434 2584 ipso
449 2519 593 2562 sermone
608 2498 668 2560 hoc
684 2503 718 2560 et
734 2495 959 2559 vociferatione
978 2501 1106 2556 mortua
1127 2501 1188 2557 est.
1233 2492 1279 2555 Et
1293 2493 1333 2554 ad
1348 2491 1430 2554 hanc

229 2603 364 2660 mortem
401 2595 600 2680 repentinam
628 2613 782 2679 vocesque
816 2591 981 2655 morientis
1016 2589 1122 2653 omnia
1150 2595 1316 2675 praeterea
1349 2609 1429 2675 qnae

229 2694 333 2758 solent
362 2715 432 2757 ease
458 2691 574 2756 indicia
603 2698 637 2755 et
665 2690 800 2775 vestigia
822 2688 935 2752 veneni
963 2687 997 2751 in
1020 2687 1103 2751 illins
1127 2694 1273 2751 mortuae
1296 2709 1429 2773 corpore

228 2792 367 2854 luerunt.
427 2788 612 2873 Eodemque
648 2808 768 2851 veneno
807 2785 843 2851 O.
875 2784 1091 2870 Oppianicum·
1123 2783 1256 2847 fratrem
1291 2784 1427 2869 necavit.

230 2887 297 2950 XI.
331 2886 441 2971 Neque
471 2896 522 2951 est
547 2886 607 2950 hoc
637 2885 736 2951 satis:
775 2884 906 2949 tametsi
931 2882 1062 2967 inipso
1090 2881 1230 2945 fraterno
1260 2881 1428 2965 parricidio

227 2987 347 3051 nullum
376 2985 480 3050 scelus
501 2984 761 3071 praetermissum
786 2983 920 3061 videtur,
942 2989 1051 3047 tamen
1072 2986 1109 3043 ut
1132 2978 1173 3043 ad
1195 2978 1254 3043 hoc
1274 2979 1429 3043 nefarium

226 3086 348 3149 facinus
369 3084 536 3149 accederet
555 3082 676 3169 aditum
697 3082 759 3147 sibi
780 3081 851 3147 aliis
873 3080 1045 3145 sceleribus
1063 3086 1139 3141 ante
1154 3076 1298 3141 munivit.
1345 3077 1427 3141 Nam

227 3206 322 3268 quum
332 3189 418 3247 esset
426 3181 558 3267 gravida
570 3181 680 3259 Auria,
694 3180 804 3245 fratris
819 3201 911 3254 uxor,
921 3185 955 3242 et
966 3167 1035 3262 jani
1043 3175 1300 3261 appropinquare
1315 3182 1428 3260 partus

227 3288 401 3366 putaretur.
428 3280 590 3344 mulierem
614 3300 734 3343 veneno
754 3276 917 3342 interfecit
940 3282 978 3339 ut
997 3288 1074 3338 una‘
1090 3274 1166 3337 illud
1187 3274 1273 3358 quod
1294 3280 1366 3337 erat
1385 3294 1425 3337 ex

226 3380 324 3443 fratre
353 3386 541 3462 conceptum
570 3384 747 3441 necaretur.
793 3375 876 3439 Post
905 3374 1047 3437 tratrem·
1066 3392 1238 3457 aggressus
1267 3378 1338 3444 est;
1373 3369 1426 3454 qui

227 3497 306 3553 sero,
318 3478 386 3561 jam
401 3477 557 3539 exhausto
571 3474 624 3539 illo
639 3473 753 3559 poculo
767 3472 891 3549 mortis,
908 3484 1005 3556 quum
1020 3476 1054 3533 et
1071 3470 1118 3533 de·
1133 3491 1192 3533 sno
1214 3468 1302 3533 etde
1319 3468 1426 3531 uxoris

225 3571 355 3636 interitu
370 3572 529 3648 clamaret,
553 3577 845 3654 testamentumque
865 3575 990 3633 mutare
1012 3574 1152 3656 cuperet,
1168 3566 1201 3628 in
1217 3565 1287 3650 ipsa
1307 3564 1426 3649 signifi-

225 3668 351 3731 catione
365 3668 459 3751 hujns
474 3668 648 3732 voluntatis
669 3675 720 3731 est
734 3674 890 3731 mortuus.
937 3664 990 3729 lta
1009 3664 1173 3727 mulierem
1191 3684 1231 3725 ne
1245 3670 1339 3746 partu
1355 3664 1425 3745 ejus

224 3766 266 3826 ab
287 3764 465 3826 hereditate
487 3764 628 3827 fraterna
649 3763 870 3827 excluderetur
892 3760 1036 3833 necavit;
1060 3759 1169 3823 fratris
1187 3766 1295 3821 antem
1309 3758 1426 3821 liberos

225 3860 313 3946 prius
328 3858 394 3923 vita
408 3860 543 3944 privavit
557 3884 652 3945 quam
666 3860 710 3924 illi
730 3860 812 3923 hanc
824 3860 865 3923 ab
876 3866 991 3923 natura
1008 3854 1201 3942 [propriam]
1218 3854 1321 3917 lucem
1342 3854 1424 3916 acci-

225 3980 300 4044 pere
329 3964 525 4042 potuernnt;
560 3965 597 4020 ut
630 3978 740 4020 omnes
766 3956 996 4041 intelligerent
1009 3953 1088 4015 nihil
1114 3953 1142 4016 ei
1168 3952 1320 4025 clausum,
1347 3950 1425 4013 nihil

225 4062 373 4120 sanctum
399 4074 471 4116 esse
495 4074 598 4138 posse,
622 4075 642 4115 a
675 4054 766 4135 cujus
796 4051 930 4115 andacia
954 4048 1064 4113 fratris
1087 4049 1204 4111 liberos
1226 4068 1266 4110 ne
1289 4046 1425 4110 materni

227 4153 355 4239 quidem
388 4150 529 4236 corporis
558 4148 721 4213 custodiae
749 4156 858 4234 tegere
888 4146 1077 4232 potuissent.
1133 4142 1293 4207 Memoria
1329 4150 1424 4207 teneo

260 4362 406 4424 Cluentius]
418 4361 638 4411 Om.T.-‘emori
648 4358 728 4408 eslf.
743 4358 810 4408 Clas-
879 4360 916 4408 ll.
930 4354 1081 4419 pentadio]
1101 4354 1147 4402 See
1164 4353 1343 4401 Vol.1.‘Verr.
1360 4353 1386 4401 ii.
1400 4357 1424 4402 5.

225 4444 267 4477 san
287 4444 341 4491 says
359 4429 414 4475 that
433 4426 634 4475 ‘emori'means
651 4430 677 4473 to
694 4424 733 4471 die
749 4423 808 4471 with
843 4439 864 4471 c.
888 4425 972 4471 ‹tn-¹
980 4421 1068 4483 poculo
1090 4417 1196 4467 mortiar’
1225 4418 1315 4466 Gruter
1340 4419 1423 4466 anecd

226 4494 291 4555 pun,
307 4500 333 4541 to
352 4492 391 4539 na
407 4480 560 4553 mnuar'y,
576 4506 603 4539 a
625 4492 651 4539 u
668 4504 689 4538 ο.
704 4490 742 4545 n,
760 4488 808 4537 ana
843 4486 961 4543 ‘mortu’
983 4486 1028 4533 but
1049 4484 1070 4531 n
1088 4484 1109 4531 u
1126 4486 1151 4559 ru
1177 4483 1220 4557 na
1244 4483 1423 4560 msa-apro-

228 4556 494 4604 ProRsblrioPnat.c.
507 4560 544 4606 1⁰.
749 4592 753 4599 .
840 4550 1028 4616 priamlncemr'
1046 4547 1391 4613 ‘propnam’uuotmsn

267 4642 341 4683 von.
366 4642 404 4684 11.
551 4680 557 4691 ,
1188 4634 1209 4675 x
