3517 5325
706 484 808 552 one.
832 488 953 568 sun.
1390 493 1432 557 ss

230 654 269 721 P.
287 652 409 737 Quintii
430 654 588 719 neminem
608 656 714 734 lirisse,
730 657 788 722 sed
809 657 986 743 gratiosum
1006 657 1114 721 fuisse.
1162 656 1245 720 Mihi
1266 663 1375 722 autem
1390 660 1433 723 ad

227 755 416 819 vincendum
441 753 522 817 satis
544 760 596 817 est
617 754 715 819 luisse
736 762 974 840 pmcuratorem
996 755 1124 840 quicum
1146 754 1283 839 experiri
1305 764 1426 841 posset.

230 852 339 932 Qualis
368 852 396 915 is
424 851 529 928 luerit,
560 850 588 914 si
616 852 711 915 modo
736 853 902 916 absentem
926 852 1116 917 defendebat
1149 874 1206 936 per
1232 854 1345 936 juset
1373 875 1429 937 per

228 950 462 1035 magistratum,
483 946 561 1011 nihil
580 948 621 1011 ad
646 970 714 1012 rem
730 950 868 1013 arbitror
885 950 1055 1034 pertinere.
1101 948 1184 1013 Erat
1204 950 1298 1026 enim,
1314 951 1426 1035 iuquit,

229 1048 353 1111 illarum
367 1044 514 1131 partium.
560 1044 684 1125 Quidni,
704 1046 758 1131 qui
779 1048 865 1131 apud
888 1054 923 1111 te
946 1053 1034 1110 esset
1056 1047 1220 1123 educatus,
1236 1067 1331 1130 quem
1354 1054 1391 1110 tu
1409 1068 1431 1108 a

229 1164 327 1229 puero
350 1144 396 1206 sic
418 1142 612 1207 instituisses
633 1150 671 1206 ιιι
689 1142 786 1205 nobili
809 1166 849 1207 ne
868 1143 1037 1227 gladiatori
1060 1143 1188 1229 quidem
1207 1144 1339 1207 faveret.
1385 1143 1429 1221 Si,

231 1242 316 1327 quod
336 1248 372 1305 tu
392 1262 516 1325 semper
530 1262 651 1307 summe
665 1240 850 1325 concupisti,
867 1242 952 1305 idem
965 1241 1093 1306 volebat
1109 1240 1253 1318 Alienus,
1268 1262 1309 1304 ea
1322 1263 1357 1304 re
1371 1240 1432 1304 tibi

231 1361 305 1404 cum
330 1360 368 1402 co
390 1358 448 1423 par
473 1333 636 1401 contentio
656 1358 720 1400 non
745 1338 836 1401 erat!
889 1337 993 1415 Bruti,
1014 1338 1127 1423 inquit,
1153 1344 1223 1401 erat
1247 1338 1429 1413 familiaris3

231 1438 340 1521 itaque
362 1436 389 1499 is
411 1435 641 1499 intercedebat.
686 1435 736 1497 Tu
757 1441 869 1499 contra
892 1433 1049 1514 Burrieni,
1076 1434 1130 1520 qui
1155 1434 1304 1518 injuriam
1327 1436 1433 1499 decer·

230 1536 348 1609 nebat;
374 1532 513 1597 omnium
531 1532 665 1617 deniqne
685 1532 820 1611 illomm,
836 1530 891 1616 qui
912 1539 982 1596 tum
1005 1539 1040 1596 et
1062 1540 1213 1616 poterant
1232 1553 1289 1617 per
1313 1530 1378 1595 vim
1399 1540 1435 1597 et

231 1632 335 1696 scelus
356 1629 535 1715 plurimum,
560 1636 603 1705 et,
629 1628 712 1713 quod
733 1634 893 1713 poteraut,
916 1628 951 1690 id
968 1628 1140 1693 audebant.
1187 1631 1241 1691 An
1264 1649 1374 1693 omnes
1396 1634 1434 1691 tu

230 1730 312 1794 istos
340 1728 466 1792 vincere
495 1724 632 1803 volebas,
657 1725 711 1810 qui
737 1744 821 1789 nunc
841 1733 879 1789 tu
908 1734 945 1791 ut
975 1725 1082 1789 vincas
1106 1732 1198 1789 tanto
1223 1746 1319 1810 opere
1347 1726 1435 1790 labo-

231 1828 325 1889 ranti
369 1825 464 1888 Aude
488 1824 520 1887 id
544 1824 671 1897 dicere;
696 1844 759 1885 uon
774 1822 889 1907 palam,
912 1822 969 1887 sed
983 1822 1034 1886 his
1056 1823 1136 1907 ipsis
1159 1844 1240 1907 quos
1261 1823 1434 1887 advocasti.

233 1921 377 1985 Tametsi
405 1920 477 1985 nolo
506 1940 577 1983 eam
598 1940 664 1983 rem
690 1920 965 1983 commemorando
994 1941 1157 1996 renovare,
1188 1921 1280 2005 cujus
1308 1919 1435 1983 omnino

231 2019 279 2083 rei
308 2018 491 2082 memoriam
514 2038 640 2080 omnem
663 2016 730 2081 tolli
760 2016 904 2081 funditus
932 2038 970 2080 ac
996 2016 1093 2081 deleri
1116 2017 1255 2082 arbitror
1278 2028 1435 2102 oportere.

233 2115 359 2179 XXII.
384 2112 494 2177 Unum
507 2114 584 2177 illud
599 2114 688 2177 dico:
713 2113 741 2177 si
755 2121 887 2199 propter
901 2114 1040 2199 partium
1061 2114 1204 2177 studium
1227 2122 1342 2199 potens
1365 2120 1436 2177 erat

233 2212 377 2289 Alienus,
394 2210 633 2295 potentissimus
649 2210 804 2275 Naevius:
829 2211 856 2273 si
875 2212 978 2275 fretus
996 2211 1103 2295 gratia
1120 2212 1303 2296 postulabat
1317 2210 1435 2297 aliquid

232 2310 369 2394 iniquius
381 2309 522 2387 Alienus,
536 2308 637 2373 multo
651 2308 808 2393 iniquiora
820 2307 960 2371 Naevius
973 2308 1176 2392 impetrabat.
1223 2309 1336 2392 Neque
1351 2309 1436 2371 enim

233 2408 316 2472 inter
341 2408 482 2471 studium
507 2416 645 2471 vestrum
672 2406 852 2491 quidquam,
877 2412 916 2469 ut
941 2405 1061 2490 opinor,
1080 2405 1238 2469 interfuit.
1291 2404 1434 2489 Ingenio,

232 2510 402 2582 vetustate,
418 2504 554 2567 artificio
570 2512 605 2567 tu
620 2503 712 2566 facile
727 2500 843 2566 vicisti.
889 2500 940 2565 Ut
954 2502 1015 2564 alia
1029 2502 1185 2579 omittam,
1202 2501 1263 2564 hoc
1278 2502 1359 2566 satis
1374 2509 1435 2565 est.

234 2602 368 2666 Alfenus
383 2621 455 2665 cum
470 2600 508 2664 iis
523 2606 556 2664 et
570 2607 701 2685 propter
721 2620 776 2663 eos
792 2598 888 2684 periit
902 2619 982 2684 qnos
1001 2597 1172 2684 diligebat:
1197 2604 1245 2674 ιιι,
1266 2606 1438 2684 postquam

232 2699 287 2784 qui
302 2699 360 2762 tibi
375 2707 467 2762 erant
487 2697 580 2760 amici
601 2717 664 2759 non
684 2705 834 2780 poterant
849 2695 984 2774 vincere,
1001 2703 1039 2760 ut
1062 2695 1156 2758 amici
1177 2695 1238 2758 tibi
1260 2705 1367 2760 essent
1381 2695 1437 2779 qui

232 2796 404 2860 vincebant
419 2792 561 2856 effecisti.
629 2791 721 2872 Quod
744 2792 771 2854 si
792 2799 863 2856 tum
882 2813 941 2875 par
965 2790 1025 2855 tibi
1046 2792 1101 2876 jus
1115 2812 1187 2854 cum
1201 2791 1316 2854 Alieno
1339 2791 1436 2855 fuisse

233 2915 298 2956 non
312 2897 416 2975 putas,
438 2889 512 2974 quia
528 2895 636 2953 tamen
656 2889 794 2973 aliquem
820 2897 933 2952 contra
957 2893 991 2951 te
1013 2888 1169 2952 advocare
1189 2895 1337 2973 poterat3
1363 2888 1438 2974 quia

232 2988 443 3074 magistratus
458 2986 571 3071 aliquis
594 2987 810 3071 reperiebatur
825 2987 910 3070 apud
931 3006 1026 3070 quem
1050 2984 1158 3049 Alieni
1182 3007 1295 3049 caussa
1321 2986 1438 3049 consis-

233 3093 328 3164 teret,
346 3083 420 3169 quid
436 3083 497 3147 hoc
512 3091 656 3168 tempore
673 3083 803 3162 Quintio
818 3083 1023 3148 statuendum
1045 3083 1117 3146 est?
1140 3083 1191 3146 cui
1207 3105 1308 3168 neque
1322 3083 1440 3167 magis-

267 3257 332 3304 Erul
340 3255 424 3342 aalma
461 3254 506 3302 See
513 3253 569 3302 Vol.
577 3253 598 3301 1.
608 3253 677 3302 Vere.
688 3255 713 3300 ιι.
728 3255 749 3301 ι.
762 3269 782 3300 c.
794 3255 819 3304 9.
852 3253 923 3301 make
933 3267 984 3315 way
994 3252 1032 3300 lor
1042 3267 1090 3315 any
1099 3252 1178 3311 noble,
1190 3257 1234 3301 not
1244 3268 1303 3301 even
1313 3253 1351 3302 lor
1360 3267 1376 3302 a
1385 3253 1436 3314 gla-

233 3319 410 3367 -⁸educatus:
435 3319 478 3366 the
504 3317 581 3366 Turin
609 3317 750 3380 Palimpsest
777 3319 821 3366 hes
853 3318 955 3375 diator3’
981 3318 1028 3365 and
1045 3318 1077 3364 he
1096 3318 1155 3365 adds
1176 3318 1229 3366 that
1247 3333 1294 3366 one
1315 3318 1436 3380 generally

237 3383 368 3432 ‘eductus’
852 3381 935 3430 maha·
946 3397 997 3443 way
1012 3381 1050 3428 for
1067 3383 1125 3429 such
1143 3383 1237 3444 pmple,
1254 3383 1354 3430 because
1372 3383 1436 3430 their

260 3449 368 3510 smeret.
396 3447 505 3510 ›8¹12un
516 3450 551 3503 la,
566 3446 622 3508 ec]
654 3445 743 3494 Thisis
754 3445 821 3494 adii·
853 3446 935 3508 bodily
946 3447 1055 3507 strength
1071 3446 1168 3493 enables
1185 3445 1253 3493 ιιιοιιι
1265 3452 1292 3494 ιο
1303 3448 1373 3495 make
1383 3461 1435 3508 way

235 3513 303 3560 ficult
324 3527 430 3574 passage,
452 3512 499 3558 and
515 3511 558 3558 the
579 3515 631 3558 text
649 3511 669 3558 is
689 3511 820 3558 uncertain.
853 3509 892 3558 ior
901 3511 1052 3566 themselves,
1064 3510 1151 3572 ifthey
1162 3510 1256 3558 choose.

236 3577 316 3625 lhave
327 3577 434 3624 followed
443 3575 527 3632 Orelli,
538 3575 592 3621 who
602 3575 645 3622 has
656 3575 763 3622 restored
773 3575 821 3622 this
886 3575 1093 3636 istoc-coletur,]
1138 3573 1192 3622 The
1213 3575 1293 3622 Berne
1311 3574 1365 3622 MS.
1387 3574 1436 3622 and

235 3655 335 3703 passage
348 3639 475 3700 according
490 3643 515 3686 to
529 3639 571 3686 the
581 3637 657 3686 Turin
669 3639 821 3700 Palimpsest,
854 3655 921 3686 some
931 3638 958 3686 oi
965 3640 1008 3685 the
1024 3639 1091 3686 Paris
1104 3637 1178 3686 MSS.
1190 3639 1251 3686 hare
1262 3639 1435 3686 ‘istos-nole·

235 3711 322 3767 except
339 3703 394 3751 that
412 3705 432 3751 it
451 3703 493 3750 has
511 3702 629 3765 ‘cupisti’
663 3703 693 3750 In
709 3704 777 3764 place
793 3703 821 3750 of
849 3703 970 3758 bas‚'aud
988 3703 1113 3750 Hotmann
1132 3703 1212 3750 would
1229 3704 1286 3750 read
1303 3701 1434 3757 ‘nolebas'

237 3767 358 3816 ‘faveret'
374 3767 415 3816 ds
426 3781 537 3814 common
548 3768 646 3828 reading
657 3767 677 3814 is
690 3773 695 3794 ¹
706 3765 817 3815 cederet!
850 3767 937 3814 buthe
948 3767 1051 3814 mistook
1062 3767 1105 3813 the
1115 3781 1191 3813 sense.
1224 3767 1277 3813 The
1295 3765 1383 3813 ‘istos'
1395 3780 1436 3812 ara

236 3833 319 3881 Cicero
330 3831 740 3894 meanstorepresentAllenusand
752 3831 816 3878 Nae·
849 3831 893 3879 the
911 3831 1012 3886 Sullani,
1031 3843 1058 3876 ss
1079 3830 1205 3876 Manutius
1226 3844 1288 3890 says.
1330 3829 1437 3876 Naevius

235 3895 512 3944 vimashostiletothe
523 3901 591 3958 party
604 3895 631 3942 οι
640 3896 683 3942 the
695 3893 817 3950 ‘nobiles'
850 3893 1018 3952 hadobsnged
1036 3892 1141 3954 sidea(c.
1154 3892 1212 3955 28):
1230 3893 1320 3939 hevae
1332 3905 1436 3938 onoeou

235 3959 465 4016 toSulla'eiaction3
482 3959 529 4006 and
536 3959 604 4006 there
614 3959 635 4006 is
646 3959 822 4022 somcallusion¹
852 3958 895 4004 the
905 3957 1001 4002 Marian
1019 3956 1077 4011 side,
1089 3971 1143 4002 now
1154 3970 1187 4001 on
1198 3956 1239 4002 the
1254 3955 1306 4002 side
1318 3952 1346 4000 oi
1362 3955 1436 4009 Sulla,

235 4025 395 4073 intheword
414 4023 566 4084 ¹gladiatori'
584 4023 661 4069 which
678 4037 714 4070 wo
730 4023 820 4069 donet
852 4021 953 4068 because
975 4021 995 4066 lt
1017 4033 1066 4065 aas
1082 4019 1217 4066 victorious.
1251 4019 1335 4066 Cicero
1346 4027 1437 4078 saysto

235 4088 391 4136 understand.
426 4087 479 4135 ltis
487 4087 612 4148 explained
620 4086 652 4148 by
662 4085 764 4133 Menerd
773 4085 820 4132 and
852 4085 919 4132 him:
938 4083 1011 4130 “Did
1029 4097 1078 4144 you
1101 4082 1160 4128 srisb
1183 4081 1219 4144 (at
1238 4083 1292 4129 that
1313 4081 1382 4143 time)
1405 4081 1438 4128 all

236 4153 363 4200 Manutius
374 4152 427 4198 that
438 4150 560 4197 ‘nobiles'
573 4151 593 4196 is
603 4149 661 4196 used
672 4151 696 4196 in
708 4166 723 4196 a
733 4150 822 4196 double
854 4149 925 4197 those
941 4147 1031 4194 friends
1047 4146 1075 4192 ol
1088 4161 1161 4208 yours
1178 4151 1205 4193 to
1221 4153 1262 4206 get
1279 4146 1320 4192 the
1338 4147 1437 4208 vicwry,

236 4232 313 4273 sense,
326 4222 351 4263 ιο
363 4215 449 4276 signify
460 4229 475 4260 a
494 4219 500 4241 ⁸
510 4213 599 4268 noble,'
614 4214 661 4260 end
677 4229 722 4260 one
734 4215 786 4260 who
801 4214 822 4260 is
854 4214 909 4260 who
920 4227 960 4259 are
970 4225 1024 4258 now
1034 4212 1142 4270 working
1152 4225 1180 4257 so
1190 4209 1250 4257 hard
1260 4211 1314 4257 that
1324 4225 1372 4271 you
1383 4225 1437 4272 may

236 4279 409 4341 distinguished
432 4293 459 4326 or
481 4278 583 4334 known3
600 4291 627 4324 ιο
649 4277 702 4322 that
720 4277 822 4324 Alienus
854 4283 895 4339 get
915 4276 958 4322 the
976 4277 1083 4336 victory?
1118 4276 1182 4321 Dare
1204 4281 1230 4322 to
1251 4289 1293 4336 say
1308 4275 1371 4331 this;
1395 4281 1440 4322 not

235 4345 307 4393 hsted
317 4361 332 4391 ι
343 4343 458 4390 ‘nobilis'
470 4357 497 4390 so
504 4341 575 4388 much
584 4342 638 4387 that
645 4340 677 4386 be
684 4341 755 4386 hated
763 4355 823 4388 even
855 4341 951 4402 openly,
970 4340 1014 4386 but
1030 4345 1057 4386 ιο
1072 4339 1140 4386 these
1157 4355 1212 4386 men
1229 4339 1285 4386 bere
1294 4339 1373 4387 whom
1390 4353 1439 4402 yon

235 4425 250 4456 a
266 4409 370 4455 ‘nobilia
389 4405 520 4468 gladiator.¹
555 4405 637 4461 Klotz,
650 4405 757 4452 whohas
775 4405 823 4452 ·ιί-
856 4403 1110 4465 havecalledtoyour
1121 4403 1276 4451 mistam?

235 4473 472 4528 veret'inhistert,
487 4471 593 4532 explains
606 4467 729 4516 ‘cederet'
745 4469 771 4515 in
787 4467 825 4514 his
890 4465 1088 4528 assecurare]
1122 4467 1182 4515 This
1200 4483 1282 4516 means
1301 4465 1440 4528 ‘cunning'

236 4541 304 4593 note,
322 4537 369 4584 and
392 4551 445 4598 says
462 4535 563 4596 nothing
582 4533 610 4582 oi
630 4533 750 4580 'bremt’
786 4532 826 4580 He
858 4530 1015 4580 ‘Veterator’
1036 4533 1058 4579 is
1079 4547 1095 4580 a
1110 4533 1216 4595 cunning
1236 4533 1320 4592 knaye,
1336 4547 1369 4580 an
1387 4531 1442 4578 ‘old

237 4602 345 4664 expulsa
357 4599 478 4648 ‘cedam’
488 4600 560 4648 thus:
578 4599 646 4646 ‘that
654 4597 686 4645 he
693 4597 772 4645 would
783 4601 827 4644 not
857 4594 940 4655 haud,'
950 4611 977 4644 as
987 4610 1024 4644 ιιι
1034 4611 1084 4660 say.
