3517 5325
726 495 828 568 OAP.
852 499 947 567 5-7.
1375 504 1440 570 423

236 669 379 756 populari
415 669 484 734 dari
512 669 602 734 vobis
637 670 723 747 nihil,
761 669 933 736 condonari
963 669 1061 736 certis
1093 669 1273 738 hominibus
1310 673 1435 749 omnim

237 767 393 834 ostentari
416 769 533 853 populo
558 767 703 854 Romano
723 789 827 854 agros,
848 768 928 853 eripi
950 767 1047 844 etiarn
1070 767 1272 841 libertatem3
1297 771 1438 855 privato·

237 887 306 930 rum
333 865 485 951 pecunias
507 867 625 950 augeri,
653 861 795 951 publicas
819 866 999 931 exhauriri:
1032 866 1176 952 denique,
1203 869 1288 952 quod
1316 881 1368 934 eat
1392 870 1439 934 iu

238 964 467 1048 dignissimum,
490 987 547 1050 per
562 963 707 1031 tribunos
722 964 832 1050 plebis,
856 957 936 1050 quos
949 964 1087 1048 majores
1101 965 1264 1050 praesides
1278 965 1438 1034 libertatis

237 1062 449 1146 custodesque
478 1083 548 1126 esse
578 1062 752 1140 voluerunt,
785 1085 877 1147 reges
906 1062 938 1126 in
968 1063 1098 1128 civitate
1127 1063 1293 1128 constitui,
1349 1065 1440 1144 Quas

237 1181 335 1244 quum
349 1181 535 1245 exposuero,
547 1160 575 1226 si
590 1161 670 1224 falsa
685 1160 774 1226 vobis
786 1161 976 1224 videbuntur
989 1183 1069 1232 esse,
1082 1182 1196 1246 sequar
1206 1161 1436 1226 auctoritatem

237 1268 386 1334 vestram,
418 1259 548 1322 mutabo
577 1281 679 1327 meam
708 1258 909 1324 sententiam.
954 1258 1011 1324 Sin
1039 1257 1172 1323 iusidias
1199 1259 1267 1324 lieri
1296 1260 1439 1325 libertati

237 1365 362 1420 vestrae
387 1355 587 1422 simulatione
612 1356 789 1442 largitionis
812 1356 1009 1442 intelligetis,
1036 1356 1171 1422 nolitote
1197 1355 1344 1419 dubitare
1369 1356 1438 1441 plu-

237 1453 317 1518 rimo
331 1454 447 1518 sudore
463 1461 497 1518 et
508 1455 660 1538 sanguine
676 1455 831 1539 majorum
843 1451 1052 1539 [vestrorum]
1065 1464 1191 1538 partam
1206 1453 1358 1539 vobisque
1373 1463 1438 1518 tra·

238 1551 338 1616 ditam
353 1551 533 1616 libertatem
548 1551 633 1616 nullo
648 1562 753 1616 vestro
768 1553 877 1616 labore
891 1552 1021 1620 consule
1034 1551 1182 1636 adjutore
1197 1551 1378 1616 detondere.

283 1648 365 1712 Vll.
390 1648 533 1712 Primum
549 1658 645 1734 caput
667 1659 718 1714 est
738 1650 818 1735 legis
840 1650 994 1734 agrariae,
1010 1671 1083 1736 quo,
1105 1649 1205 1713 atilli
1227 1655 1353 1734 putant,
1370 1657 1440 1714 ten-

238 1747 348 1814 tamini
370 1746 489 1825 leviter,
514 1769 576 1831 quo
605 1748 709 1812 animo
737 1747 897 1814 libertatis
926 1755 1051 1812 vestrae
1080 1747 1328 1812 deminutionem
1356 1747 1439 1812 ferre

236 1845 376 1931 possitis.
402 1845 426 1910 J
430 1847 506 1914 ubet
516 1846 601 1910 enim
617 1867 795 1912 rnrauuon
813 1869 940 1924 ansuis,
958 1865 1016 1915 aur
1034 1869 1110 1910 aaa
1133 1868 1253 1910 uaosn
1270 1867 1440 1926 rurtsarr,

240 1965 378 2010 (annana
395 1963 611 2010 naonnvrnos
628 1967 693 2010 ran
709 1967 830 2010 rursus
847 1965 1108 2020 sarraunncru,
1125 1966 1179 2023 ur,
1204 1965 1300 2012 ausu
1319 1965 1440 2008 sovana

239 2065 360 2106 rursus
384 2063 571 2122 secantur,
590 2065 619 2106 rs
643 2065 825 2110 nacsnvra
848 2065 914 2109 sir.
960 2043 1026 2108 Hic
1041 2065 1160 2129 quaero
1181 2044 1334 2129 quamob
1349 2065 1441 2108 caus-

238 2163 307 2204 sam
336 2142 460 2206 initium
490 2165 593 2207 rerum
615 2165 653 2206 ac
682 2143 788 2228 legum
817 2165 947 2207 suarum
973 2143 1046 2206 hinc
1074 2142 1213 2216 duxerit,
1243 2149 1281 2206 ut
1305 2141 1443 2227 populus

239 2238 403 2306 Romanus
424 2241 575 2326 suffragio
597 2242 782 2326 privaretur.
828 2242 940 2308 Toties
967 2241 1091 2326 legibus
1111 2240 1245 2326 agrariis
1278 2249 1442 2302 curatores

238 2339 405 2404 constituti
415 2349 500 2415 sunt,
513 2339 676 2418 triumviri,
694 2341 899 2426 quinqueviri,
916 2339 1101 2404 decemviri:
1127 2359 1244 2423 quaero
1258 2358 1279 2400 a
1293 2336 1437 2420 populari

237 2437 365 2502 tribuno
381 2437 489 2521 plebis,
507 2439 669 2521 ecquando
685 2437 744 2502 nisi
760 2460 816 2522 per
832 2459 922 2500 xxxv
938 2439 1041 2502 tribus
1057 2436 1157 2500 creati
1175 2442 1262 2498 sunt.
1310 2433 1442 2498 Etenim

238 2556 334 2619 quum
359 2556 468 2597 omnes
493 2542 683 2618 potestates,
715 2534 854 2620 imperia,
882 2535 1065 2610 curationes
1087 2534 1129 2597 ab
1153 2533 1300 2596 universo
1324 2531 1440 2616 populo

239 2631 384 2697 Romano
407 2632 564 2718 proficisci
588 2633 745 2711 convenit,
771 2642 839 2699 turo
863 2654 917 2699 eas
939 2633 1080 2718 proiecto
1102 2631 1343 2718 maximequae
1366 2653 1442 2695 oon-

237 2731 416 2797 stituuntur
429 2730 469 2795 ad
485 2731 590 2815 populi
605 2732 743 2795 fructum
757 2732 894 2817 aliquem
907 2740 942 2797 et
964 2731 1174 2804 commodum,
1190 2729 1222 2794 in
1246 2752 1309 2814 quo
1324 2738 1359 2794 et
1373 2729 1440 2793 uni·

237 2829 321 2895 versi
336 2828 479 2912 deligant
500 2852 592 2913 quem
612 2830 727 2914 populo
746 2830 892 2893 Romano
914 2829 1050 2893 maxime
1072 2828 1290 2893 consulturum
1314 2834 1439 2913 puteat,

238 2937 273 2995 et
298 2950 380 2992 unus
405 2928 537 3013 quisque.
559 2928 665 2993 studio
688 2934 722 2993 et
745 2928 896 3012 suffragio
921 2950 980 2993 suo
1003 2928 1086 2991 viam
1111 2928 1172 2991 sibi
1192 2927 1234 2991 ad
1255 2926 1443 2991 beneficium

238 3026 472 3113 impetrandum
486 3026 608 3091 munire
630 3024 742 3111 possit.
790 3025 862 3089 Hoc
883 3026 1009 3089 tribuno
1024 3024 1125 3110 plebis
1139 3024 1340 3109 potissimum
1355 3024 1443 3087 venit

238 3125 271 3189 in
291 3133 431 3189 mentem
445 3124 595 3211 populum
611 3124 787 3190 Romanum
803 3124 982 3189 universum
1002 3123 1124 3208 privare
1137 3122 1306 3207 suffragiis,
1321 3144 1441 3207 paucas

238 3223 350 3299 tribus,
367 3246 430 3287 non
452 3234 540 3289 certa
560 3222 740 3289 conditione
756 3222 848 3306 juris,
871 3223 931 3295 sed
951 3222 1048 3287 sortis
1067 3222 1224 3287 beneficio
1245 3221 1381 3287 fortuitu
1399 3222 1441 3285 ad

238 3323 450 3406 usurpandam
484 3323 666 3387 libertatem
696 3344 819 3387 vocare.
880 3320 984 3399 lusu,
1022 3320 1137 3406 inquit,
1177 3342 1298 3384 nonan
1337 3340 1440 3397 nono,

238 3419 343 3503 capite
362 3420 472 3499 altero,
497 3442 538 3485 ur
563 3442 718 3485 contrua
744 3440 938 3485 rourrrrcrs
962 3440 1109 3483 uaxrarr.
1154 3418 1205 3483 Ne
1229 3419 1290 3483 hoc
1312 3418 1442 3504 quidem

238 3516 326 3594 vidit,
343 3520 480 3602 majores
499 3527 627 3584 nostros
649 3527 716 3584 tam
735 3518 833 3581 inisse
857 3516 1025 3603 populares
1044 3524 1090 3594 ut,
1112 3516 1197 3601 quod
1221 3538 1277 3601 per
1292 3516 1441 3601 populum

239 3615 340 3679 creari
368 3616 417 3681 las
446 3640 508 3683 nou
538 3625 608 3683 erat
636 3624 766 3703 propter
795 3616 979 3702 religionem
1006 3636 1179 3693 sacrorum,
1210 3614 1243 3677 in
1269 3636 1307 3677 eo
1332 3624 1442 3680 tamen

271 3826 295 3875 d.
313 3824 458 3887 conducam]
471 3824 819 3888 Thiarrordgeuerallymeaua
851 3824 1117 3873 othmaascuratoraa.
1149 3820 1437 3870 Thersserocmatcrcs

239 3896 265 3939 to
281 3890 361 3946 remit,
376 3905 403 3937 or
419 3902 516 3945 excuse3
533 3890 649 3938 liuthero
664 3892 777 3938 itmeans
793 3896 819 3938 to
852 3890 960 3945 Viarum,
972 3888 1101 3937 Curatores
1112 3887 1238 3942 Auuouaa,
1248 3886 1297 3933 and
1308 3886 1398 3933 others.

238 3957 299 4017 give.
333 3954 385 4001 Tho
404 3954 550 4015 proposition
571 3955 645 4001 ‘con’
662 3956 688 4003 in
704 3956 821 4015 composi·
886 3951 1090 4012 mum-manin]
1130 3951 1175 3999 Soa
1202 3950 1244 3997 tte
1266 3949 1440 3997 ludex-“ad

238 4022 290 4069 tion
299 4020 357 4067 nith
368 4034 439 4080 many
451 4019 521 4065 verba
530 4034 692 4080 expressurus
703 4020 784 4067 uotiua
796 4018 825 4066 oi
853 4017 1016 4079 usurpandam
1030 4016 1167 4063 libertatem
1175 4013 1201 4062 ι”
1219 4020 1269 4061 “to
1280 4014 1322 4061 thu
1332 4014 1439 4063 exorciso

238 4101 286 4147 any
300 4086 368 4145 unity
386 4100 414 4133 or
428 4096 593 4138 concurrente,
610 4083 654 4131 but
670 4084 690 4131 it
704 4099 781 4131 sosms
795 4090 821 4131 to
853 4084 882 4131 ot
901 4082 964 4129 their
981 4079 1092 4141 litem?
1108 4080 1162 4127 that
1177 4080 1207 4135 ia,
1226 4080 1254 4127 oi
1268 4078 1311 4125 tha
1328 4078 1439 4139 suffraga.

238 4150 285 4197 add
297 4156 326 4211 to
337 4150 379 4197 tha
390 4150 454 4197 iorca
465 4148 493 4195 oi
506 4148 549 4196 tha
565 4148 638 4196 word.
673 4148 731 4211 (Sao
742 4164 763 4195 c.
783 4150 821 4205 lo,
855 4148 883 4195 P.
894 4148 1020 4195 Manutius
1030 4145 1137 4205 explains
1147 4144 1190 4191 tlte
1200 4144 1265 4191 word
1273 4143 1345 4203 right.

239 4216 374 4277 ‘permissa
385 4221 410 4261 et
421 4212 582 4275 condonata’)
882 4216 987 4273 propter
1007 4209 1161 4270 rslipr'anem]
1180 4209 1234 4255 Tho
1252 4209 1347 4255 liumau
1365 4207 1441 4268 patri-

272 4282 295 4335 7.
313 4280 462 4339 curationes]
489 4279 596 4325 Potestas
617 4277 665 4325 and
688 4276 820 4338 Imperium
853 4272 1349 4335 danahadoeigiuallybothtlrepolitical
1357 4286 1438 4332 power

238 4360 335 4405 express
345 4344 515 4404 thenathority
526 4342 725 4403 cithe¹majoros
734 4342 820 4403 magis·
853 4342 901 4389 and
912 4340 1062 4402 thopriestly
1079 4339 1166 4386 cilices.
1199 4338 1251 4385 'ibe
1268 4338 1353 4398 people
1369 4336 1440 4385 could

238 4410 332 4457 iratus)
368 4408 499 4456 ‘Curatio'
511 4408 582 4455 isthe
590 4408 658 4455 office
666 4406 711 4453 oia
718 4413 820 4461 curator,
854 4412 897 4453 not
911 4406 973 4453 elect
983 4420 998 4452 a
1010 4403 1128 4458 Pontifex,
1137 4404 1174 4451 ior
1184 4403 1227 4450 tho
1238 4402 1333 4451 Roman
1343 4402 1440 4450 notiona

238 4488 285 4521 ona
299 4474 353 4521 who
370 4474 414 4521 has
431 4489 462 4521 no
482 4471 617 4534 ‘potestas'
634 4486 662 4519 or
679 4472 819 4532 Imperium,
852 4471 879 4518 oi
889 4470 988 4531 religion
998 4469 1038 4517 did
1050 4476 1094 4515 not
1104 4468 1173 4515 allow
1188 4469 1231 4515 the
1247 4467 1332 4529 psopls
1348 4473 1374 4513 to
1385 4480 1440 4528 par-

141 4560 144 4567 ¹
238 4537 472 4601 butonlyaapecial
483 4536 818 4586 commissionoisomakiud.
852 4536 951 4597 tioipato
960 4533 1218 4583 iuthacaramouialoi
1223 4532 1320 4581 anciran
1328 4532 1439 4581 ebutium

239 4602 377 4651 Cicerohss
391 4604 443 4665 just
458 4602 612 4651 euumuatsd
629 4600 758 4651 Triumtiri
771 4600 820 4649 aud
852 4600 906 4649 Tlas
927 4600 1042 4663 suus·
1057 4598 1107 4649 aud
1123 4599 1198 4649 Sacra
1214 4597 1334 4659 balaum
1350 4602 1378 4646 to
1396 4596 1441 4647 tlia
