3517 5325
305 469 368 534 146
642 463 778 530 ORAT.
802 463 893 528 PRO
918 462 967 528 M.
991 461 1135 527 TULLI

307 637 575 722 Recuperatores‚
592 655 685 720 quem
699 657 734 698 se
748 634 865 698 babere
880 637 983 718 usque'
1000 653 1038 696 eo
1060 655 1125 697 non
1144 631 1278 697 moleste
1299 629 1385 708 tulit,
1408 631 1510 694 donec

306 736 445 800 vicinum
465 733 618 818 ejusmodi
639 740 754 797 nactus
776 740 826 795 est
849 732 903 816 qui
925 731 995 816 agri
1018 730 1098 794 fines
1117 730 1214 813 armis
1237 730 1378 816 prolerre
1401 727 1512 792 mallet

307 855 403 918 quam
428 833 500 916 jure
530 829 708 894 defendere.
753 829 838 892 Nam
868 827 908 894 P.
940 828 1062 892 Fabius
1092 849 1192 914 nuper
1221 827 1300 892 emit
1328 847 1440 912 agrurn
1470 826 1511 890 dc

309 929 346 994 0.
363 928 494 993 Claudio
508 934 666 1006 senatore,
684 927 734 991 cni
748 926 846 990 fundo
861 932 932 990 erat
946 925 1060 988 adfinis
1076 925 1125 990 M.
1142 925 1272 1004 Tullius,
1294 945 1369 988 sane
1383 944 1509 1008 magno,

308 1027 438 1091 dimidio
459 1025 526 1089 iere
546 1024 645 1110 pluris
667 1023 832 1101 incultum,
854 1023 977 1088 exustis
997 1023 1077 1087 villis
1097 1023 1252 1098 omnibus,
1280 1043 1375 1108 quam
1400 1018 1512 1108 quanti

306 1125 466 1210 integrum
476 1132 572 1208 atque
584 1122 820 1187 ornatissimum
828 1120 1000 1186 carissimis
1015 1120 1126 1206 pretiis
1140 1120 1208 1206 ipse
1220 1120 1371 1185 Claudius
1381 1124 1510 1184 emerat.

546 1222 566 1262 a
782 1222 802 1262 a
1019 1221 1039 1261 s
1255 1221 1275 1260 a

353 1323 406 1384 15.
449 1320 469 1360 ¹*
557 1317 577 1358 ⁵
663 1317 745 1380 elam
767 1315 1051 1402 circumscripsisse
1078 1315 1132 1380 isti
1162 1338 1183 1379 a
1212 1313 1370 1380 consulari
1401 1313 1513 1377 Mace-

311 1417 406 1482 donia
427 1426 461 1482 et
483 1414 574 1479 Asia.
608 1414 729 1501 'Etiam
750 1414 828 1479 illud
852 1415 970 1478 addam
991 1415 1076 1500 quod
1098 1415 1140 1478 ad
1163 1436 1230 1478 rem
1252 1413 1400 1499 pertinet.
1448 1412 1513 1475 Im-

309 1523 455 1602 peratore
465 1519 602 1592 mortuo,
619 1512 792 1598 pecuniam,
809 1513 915 1577 nescio
931 1513 1089 1597 quomodo
1105 1513 1290 1598 quaesitam,
1308 1512 1383 1575 dum
1398 1509 1465 1574 vult
1479 1509 1512 1572 in

310 1614 441 1701 praedio
455 1633 664 1698 ponere,⁸non
677 1610 795 1696 posuit,
810 1611 869 1675 sed
882 1611 1011 1696 abjecit.
1057 1610 1145 1674 Nihil
1159 1611 1262 1674 adhue
1277 1631 1310 1674 m
1363 1609 1382 1649 ¹⁸
1428 1609 1448 1650 ⁴*
1491 1609 1513 1650 ¹*

312 1735 364 1776 arn
378 1711 561 1776 calamitate
576 1709 749 1773 vicinomm
764 1709 904 1794 corrigit,
925 1715 960 1774 et
976 1709 1061 1796 quod
1076 1709 1274 1774 stomachum
1289 1729 1382 1772 suum
1397 1707 1512 1772 damno

313 1809 408 1875 Tullii
422 1808 551 1895 explere
565 1813 701 1871 conatus
715 1813 777 1872 est.

355 1909 406 1972 16.
430 1907 494 1970 Est
508 1905 541 1968 in
562 1925 600 1967 eo
619 1926 697 1989 agro
720 1903 865 1968 centuria
890 1926 971 1990 quae
994 1904 1173 1990 Populiana
1195 1903 1384 1980 nominatur,
1410 1902 1513 1968 Recu-

309 2012 483 2092 peratores,
500 2025 581 2088 quae
595 2023 720 2088 semper
737 2002 786 2067 M.
802 2002 897 2066 Tullii
911 2003 982 2079 suit,
999 2025 1093 2088 quam
1108 2002 1205 2068 etiam
1219 2009 1312 2088 pater
1326 2001 1513 2088 possederat

311 2158 318 2168 ,
404 2104 424 2145 1
600 2099 620 2140 *
793 2102 813 2142 '⁵
899 2101 1005 2186 posita
1019 2121 1089 2164 esse
1104 2108 1138 2164 et
1152 2101 1193 2164 ad
1208 2101 1339 2164 fundum
1355 2101 1424 2184 ejus
1438 2120 1513 2163 con-

309 2200 426 2266 venire.
470 2199 522 2264 Ac
545 2197 690 2285 primum,
717 2197 899 2282 quodcum
922 2198 1042 2284 negotii
1067 2197 1168 2262 totius
1191 2207 1225 2262 et
1246 2197 1415 2285 emptionis
1436 2217 1514 2260 suae

309 2298 502 2385 poenitebat,
532 2296 665 2360 fundum
692 2295 891 2382 proscripsit.
949 2295 1033 2359 Eum
1062 2303 1173 2361 autem
1202 2303 1345 2384 emptum
1374 2295 1514 2360 habebat

310 2419 384 2462 cum
397 2396 484 2461 socio
500 2393 559 2458 On.
574 2393 752 2458 Acerronio
765 2393 832 2458 viro
847 2393 970 2480 optimo
1145 2395 1165 2437 *l
1339 2396 1359 2436 ⁵

546 2494 565 2534 a
782 2491 802 2531 s
1019 2495 1039 2534 a
1256 2491 1276 2532 s

354 2593 409 2657 17.
465 2591 485 2631 ³
582 2591 602 2630 ⁴*
696 2589 827 2653 modum
863 2588 1098 2675 proscripsisse.
1157 2588 1330 2654 Hominem
1366 2588 1512 2676 appellat.

311 2690 379 2755 late
400 2710 477 2754 sanc
496 2694 687 2773 arroganter
704 2689 789 2773 quod
808 2688 1008 2753 commodum
1026 2688 1088 2753 suit
1107 2688 1282 2775 respondit.
1327 2688 1515 2774 Nequedum

312 2790 394 2853 fines
408 2793 520 2852 auctor
530 2787 816 2851 demonstraverat.
862 2786 971 2851 Mittit
985 2786 1027 2851 ad
1043 2794 1281 2872 procuratorem
1301 2786 1410 2851 literas
1424 2785 1515 2851 etad

311 2960 391 3009 Greek
401 2959 572 3007 settlementiu
594 2958 709 3015 Lucania,
723 2973 782 3006 near
797 2958 840 3006 the
854 2958 900 3006 sita
932 2958 1002 3008 chssc
1016 2959 1105 3023 joiutly
1119 2960 1177 3008 with
1194 2960 1240 3009 Cn.
1252 2960 1409 3019 Acerronius3
1426 2959 1474 3008 aud
1488 2974 1515 3008 ss

310 3026 339 3075 ci
353 3024 457 3086 Sybaris,
468 3040 483 3071 a
493 3024 544 3071 still
557 3023 623 3070 older
637 3023 782 3070 settlemeut.
814 3022 900 3071 Thurii
931 3024 963 3071 he
973 3025 1087 3087 repented
1097 3025 1126 3072 oi
1134 3026 1170 3073 his
1181 3025 1287 3087 bargain,
1299 3026 1331 3073 he
1338 3025 1428 3073 wished
1438 3030 1464 3072 to
1474 3030 1516 3087 get

311 3089 394 3150 finally
409 3088 516 3137 received
532 3103 548 3135 a
565 3088 660 3134 Roman
675 3087 775 3144 colonis,
786 3086 835 3133 aud
850 3102 899 3136 was
931 3088 968 3137 rid
979 3088 1007 3135 oi
1019 3089 1062 3137 the
1074 3089 1139 3137 laud.
1175 3090 1214 3137 lle
1231 3090 1363 3139 advertised
1379 3090 1399 3137 it
1409 3090 1447 3138 ior
1457 3090 1514 3145 sale.

311 3154 448 3201 sometimes
459 3152 535 3201 called
543 3151 620 3214 Copia
627 3150 734 3214 (Strabo,
743 3165 768 3213 p.
776 3152 833 3199 26³.
844 3151 898 3199 Lir.
931 3152 979 3200 and
989 3154 1121 3215 persuaded
1133 3154 1277 3202 Acerronius
1287 3159 1313 3201 to
1323 3154 1372 3217 buy
1383 3154 1421 3201 his
1431 3154 1514 3210 sbare;

311 3217 431 3279 mail).
485 3274 488 3281 Ι
931 3216 1112 3266 andtoiuduce
1122 3218 1173 3265 him
1190 3234 1218 3266 or
1226 3218 1410 3281 „otherstobuy
1421 3218 1452 3266 he
1467 3217 1517 3265 had

348 3282 386 3328 lli.
398 3295 413 3327 a
424 3280 704 3329 mulariMacedoaiu
712 3278 769 3341 dre]
788 3278 836 3326 We
843 3294 900 3342 may
931 3282 1009 3329 stated
1026 3282 1069 3329 the
1085 3284 1196 3345 quantity
1212 3283 1240 3330 oi
1253 3283 1310 3330 land
1327 3288 1353 3331 to
1372 3283 1403 3331 bs
1424 3288 1518 3345 greater

312 3345 448 3403 conjecture
471 3344 536 3391 what
558 3344 642 3392 Cicero
664 3343 779 3391 intended
800 3348 826 3389 to
847 3358 898 3407 say,
930 3346 1517 3409 theuitwas,sndhsdcomprehendedinittha

312 3407 391 3456 ulrich
405 3407 427 3455 is
440 3422 467 3457 as
482 3407 598 3456 Huschke
609 3407 652 3456 bas
662 3408 698 3454 it:
716 3412 826 3469 “poetes
841 3423 898 3457 vern
931 3410 1045 3458 Centuria
1056 3411 1188 3474 Populiana
1201 3412 1278 3459 which
1292 3412 1409 3473 belonged
1419 3418 1445 3460 to
1456 3410 1517 3459 Tul·

312 3471 415 3520 iundum
437 3485 508 3518 snum
528 3470 637 3520 vendidit
659 3470 700 3533 (C.
723 3470 847 3535 Claudius)
870 3473 898 3520 Ρ.
931 3474 985 3522 lius.
1019 3475 1044 3523 lt
1058 3490 1136 3523 seeum
1149 3477 1203 3523 that
1214 3476 1308 3524 Tullius
1324 3492 1373 3524 rrss
1387 3483 1413 3525 st
1430 3474 1516 3532 Rome,

312 3536 397 3593 Fabio,
408 3535 503 3583 sordido
513 3535 613 3593 homini,
624 3535 666 3600 qui
676 3536 801 3596 pecuniam
808 3536 834 3583 in
841 3536 901 3585 Aria
930 3538 979 3587 aud
989 3554 1037 3588 sas
1048 3540 1165 3589 inlormcd
1180 3540 1207 3588 oi
1220 3541 1270 3591 this
1283 3541 1397 3589 intended
1408 3542 1458 3590 sale
1468 3540 1518 3587 aud

313 3604 339 3649 et
349 3599 491 3648 Macedonia
500 3600 580 3647 nardo
594 3598 715 3661 quomodo
729 3600 862 3663 quaesitam
872 3601 899 3649 in
932 3602 959 3651 oi
977 3603 1020 3651 the
1037 3604 1106 3652 fraud
1128 3605 1156 3653 oi
1170 3605 1258 3653 Fabius
1280 3606 1312 3668 by
1329 3606 1366 3655 his
1389 3603 1516 3654 ‘villicus'

312 3664 389 3712 fundo
399 3668 453 3711 tuto
464 3678 553 3726 ponere
563 3664 733 3727 properabat!
932 3666 1049 3716 Huschke
1064 3670 1090 3717 iu
1104 3669 1142 3718 bis
1158 3669 1334 3733 Argumentum
1351 3684 1457 3718 amnmes
1474 3668 1519 3717 the

348 3730 387 3777 lo.
404 3729 528 3791 seueris]
552 3729 609 3776 “ln
627 3729 735 3777 centuria
750 3730 800 3791 agri
815 3730 900 3793 jngere
932 3731 992 3781 iactr
1011 3738 1037 3781 to
1058 3733 1120 3781 have
1140 3734 1202 3782 been
1223 3734 1285 3783 aiter
1305 3735 1353 3783 this
1372 3735 1519 3783 fumone-

314 3807 355 3854 cc,
379 3794 454 3842 modii
475 3791 543 3846 uo:’'
574 3792 645 3842 Balbi
666 3792 698 3841 ad
720 3793 826 3853 Celsum,
854 3800 898 3843 tre.
933 3797 1027 3845 “Haec
1050 3797 1115 3846 iram
1139 3799 1166 3845 in
1186 3798 1355 3861 proscribendo
1376 3798 1452 3847 fundo
1473 3798 1517 3845 ad-

315 3858 446 3911 Gromatici
455 3858 564 3914 Veteres,
575 3858 613 3905 sd.
625 3857 774 3915 lachmann,
784 3860 801 3906 i.
812 3874 838 3921 p.
847 3862 890 3909 96.
932 3862 1004 3910 missa
1017 3862 1097 3910 Tullio
1107 3877 1123 3911 a
1132 3868 1286 3925 procuratore
1300 3878 1343 3912 sno
1360 3870 1453 3912 mature
1466 3862 1517 3911 Rc·

340 3922 497 3985 poesederat]
524 3922 577 3970 'l'he
595 3921 673 3969 father
694 3922 722 3971 of
736 3922 830 3971 Tullius
851 3924 899 3973 had
931 3940 996 3974 mam
1023 3927 1156 3975 nuntiatur.
1200 3929 1318 3991 Appellat
1344 3930 1517 3985 Armenium,

312 3985 599 4049 beeuinpcsssssionoi
611 3986 792 4034 thiscenturia:
809 3988 899 4036 laevas
931 3990 1213 4054 itidemiuacagentem.
1248 3991 1323 4057 (Nam
1332 3993 1419 4041 Fabius
1428 3991 1519 4040 invilla

312 4052 520 4102 theomolit.
547 4050 899 4103 Noollrerkindoil’ossessio
931 4054 1089 4119 versabatur.)
1121 4058 1177 4106 Ira
1198 4059 1263 4105 socio
1280 4073 1306 4107 re
1319 4058 1470 4119 fraudatam
1484 4071 1520 4105 ‘cs

310 4116 501 4168 ismesnthsre.
931 4123 1053 4169 somnians
1075 4121 1171 4183 quidem
1193 4126 1253 4170 tunc
1278 4137 1336 4171 sose
1360 4122 1517 4183 udroyarrler,

311 4243 360 4292 Vol
380 4243 393 4293 1
413 4181 479 4296 νοτ.
491 4179 511 4291 'ii
526 4178 585 4298 ΙΙΗΞ.
591 4182 637 4292 qqt
647 4179 667 4227 it
677 4194 711 4242 up
722 4177 760 4227 ἕω
770 4178 836 4228 “w
853 4180 899 4231 8oe
931 4184 1518 4299 iiiiuiomldmcmfiriidiorridirllnuiildenidnitiffi

345 4310 385 4364 17.
402 4307 546 4369 Hminem]
572 4307 617 4355 See
636 4307 727 4356 1³:01².
748 4308 857 4367 Quintio,
875 4324 897 4358 c.
930 4313 1021 4360 serat.”
1055 4312 1108 4361 'ibe
1129 4320 1195 4375 parts
1217 4316 1295 4363 rrhieh
1316 4330 1357 4363 are
1378 4315 1472 4377 printed
1490 4314 1518 4361 in

311 4373 382 4423 4.-
395 4372 478 4433 ‘quod
502 4372 656 4420 commodum
679 4372 753 4419 iuitr'
778 4374 847 4432 ‘just
869 4389 897 4423 aa
930 4375 1212 4426 ltaliesareccnsidered
1220 4380 1252 4442 by
1262 4378 1518 4428 Kellertobedoubt·

311 4436 343 4483 he
360 4435 474 4497 pleased.’
518 4436 633 4485 SeeVol.
650 4437 672 4485 1.
683 4437 752 4486 Verr.
764 4438 790 4487 ii.
802 4442 895 4491 bob.
928 4440 1244 4505 iclruinhutblhsysm.
1261 4444 1518 4493 Whocsnnndertalre

310 4499 365 4551 ‘l'be
382 4501 495 4548 ‘sudor’
513 4502 534 4549 is
549 4500 593 4549 she
611 4501 711 4550 ‘selleu'
746 4502 792 4551 See
806 4503 861 4551 Vol.
873 4503 895 4552 1.
928 4508 954 4552 to
972 4507 1059 4569 supply
1075 4506 1118 4555 the
1134 4508 1283 4558 deficiencies
1298 4510 1326 4558 oi
1342 4524 1374 4557 au
1390 4507 1519 4572 imperfect

310 4563 525 4622 venditam.
558 4564 896 4631 Fabiushsdmadehispur·
928 4570 1181 4623 ahtemmtolfscts?
