3517 5325
561 912 611 977 M.
634 910 799 979 TULLII
829 914 1078 981 CICERONIS

790 1106 853 1149 PRO

457 1256 510 1373 O.
612 1256 1185 1375 RABIRIO

635 1474 918 1525 PERDUELLIONIS
935 1474 1004 1525 REO

456 1594 459 1601 ’
563 1626 1076 1711 ananarnus

702 1788 951 1903 ORATIO.
983 1802 989 1825 “

265 2176 294 2241 Ι.
316 2176 399 2255 Etsi,
418 2176 567 2258 Quirites,
589 2198 654 2243 nou
674 2184 725 2244 eet
741 2200 831 2244 meae
845 2177 1085 2244 consuetudinis
1099 2178 1190 2242 initio
1206 2177 1330 2243 dicendi
1345 2180 1420 2246 rati·

221 2296 312 2339 onem
335 2276 477 2353 reddere,
493 2298 556 2361 qua
578 2276 618 2340 de
642 2298 755 2341 caussa
777 2298 933 2362 quemque
955 2276 1129 2354 delendam,
1151 2284 1319 2361 propterea
1337 2278 1421 2361 quod

222 2394 295 2437 cum
309 2373 454 2437 omnibus
468 2373 589 2437 civibus
606 2373 639 2437 in
662 2396 772 2437 eorum
795 2373 943 2459 periculis
966 2394 1091 2459 semper
1107 2362 1187 2437 satis
1206 2373 1329 2457 justam
1344 2374 1421 2439 milri

221 2492 367 2534 caussam
382 2470 624 2535 necessitudinis
638 2492 708 2533 esse
724 2470 800 2533 duxi
813 2496 821 2542 ;
846 2479 955 2535 tamen
970 2471 1003 2535 in
1018 2471 1078 2533 hac
1099 2469 1279 2533 defensione
1294 2470 1419 2555 capitis,

220 2568 324 2632 lamae
345 2568 602 2659 fortunarumque
625 2566 764 2631 omnium
786 2566 823 2631 O.
839 2566 961 2630 Rabirii
982 2566 1187 2653 proponenda
1201 2567 1284 2632 ratio
1299 2567 1424 2632 videtur

221 2689 292 2731 esse
308 2666 401 2730 officii
416 2665 487 2743 mei,
504 2672 672 2752 propterea
687 2665 770 2750 quod
787 2688 868 2750 quae
879 2665 1058 2750 justissima
1069 2665 1144 2729 mihi
1157 2687 1270 2730 caussa
1283 2667 1325 2730 ad
1340 2667 1424 2732 hunc

222 2764 454 2828 defendendum
482 2785 553 2828 esse
578 2763 647 2827 visa
675 2771 736 2840 est,
763 2764 875 2827 eadem
901 2763 991 2827 vobis
1013 2763 1053 2826 ad
1078 2762 1304 2828 absolvendum
1327 2765 1424 2830 debet

221 2862 329 2927 videri.
375 2860 459 2924 Nam
477 2883 528 2924 me
543 2883 640 2946 quum
659 2860 818 2926 amicitiae
833 2870 986 2938 vetustas,
1008 2883 1104 2946 quum
1120 2861 1259 2946 dignitas
1278 2861 1422 2940 hominis,

222 2983 320 3048 quum
334 2959 417 3024 ratio
431 2958 648 3035 humanitatis,
665 2980 762 3044 quum
783 2981 873 3024 meae
888 2959 973 3024 vitae
994 2965 1148 3044 perpetua
1169 2960 1365 3024 consuetudo
1382 2961 1425 3024 ad

224 3058 260 3123 O.
277 3055 441 3122 Rabirium
464 3057 696 3121 defendendum
711 3065 762 3122 est
776 3057 957 3136 adhortata,
981 3063 1050 3121 tum
1065 3077 1139 3120 vero
1157 3063 1194 3120 ut
1212 3057 1244 3120 id
1259 3057 1425 3122 studiosis·

223 3157 301 3222 sime
328 3156 476 3232 lacerem,
506 3155 592 3218 salus
620 3154 666 3218 rei
694 3155 848 3242 publicae,
879 3154 1044 3220 consulare
1068 3153 1214 3232 officium,
1241 3155 1425 3220 consulatus

223 3253 357 3341 denique
380 3255 448 3340 ipse
470 3253 547 3318 mibi
569 3275 633 3317 una
647 3253 808 3318 vobiscum
831 3276 903 3318 cum
923 3253 1026 3318 salute
1041 3251 1087 3316 rei
1107 3251 1251 3338 publica'e
1267 3275 1425 3318 commen-

223 3353 319 3418 datus
342 3353 458 3438 coegit.
503 3352 575 3416 Non
601 3352 685 3417 enim
709 3351 746 3416 O.
769 3351 937 3416 Rabirium
960 3351 1051 3437 eulpa
1077 3351 1194 3428 delicti
1219 3373 1282 3416 non
1309 3351 1426 3416 invidia

223 3450 317 3526 vitae,
340 3472 404 3514 non
426 3451 560 3538 denique
575 3459 700 3516 veteres
719 3450 827 3535 justae
849 3471 1027 3536 gravesque
1049 3449 1232 3516 inimicitiae
1256 3450 1371 3515 civium
1393 3450 1426 3514 in

258 3598 443 3660 l.¹1usmiptio
465 3597 596 3647 Orationis.
629 3599 667 3648 M.
686 3599 716 3648 Τ.
738 3599 806 3648 Cice·
839 3599 893 3648 'Ibe
909 3599 1005 3647 consuls
1023 3613 1085 3646 were
1104 3597 1252 3660 empowered
1269 3603 1295 3646 to
1312 3599 1426 3647 saratha

223 3663 289 3709 ronie
300 3663 348 3708 l’ro
359 3662 387 3709 O.
400 3662 497 3709 Rabirio
508 3663 675 3712 Perduellione
689 3665 766 3712 oratio
777 3663 808 3711 ed
840 3663 915 3721 State,
927 3668 954 3712 to
965 3677 1009 3711 use
1019 3677 1067 3724 ιιι]
1075 3663 1139 3710 loroe
1150 3663 1204 3710 that
1214 3663 1272 3724 they
1281 3663 1350 3710 could
1359 3678 1425 3711 oom-

225 3726 333 3778 Quirites
342 3725 443 3786 incipit!
476 3727 502 3773 8.
838 3729 912 3774 mand
932 3733 958 3774 to
975 3741 1071 3774 remove
1087 3727 1129 3773 the
1146 3727 1236 3788 danger
1253 3725 1312 3788 (Pro
1324 3727 1425 3782 Milone.

258 3790 351 3837 iseldis
371 3789 457 3851 σιω]
488 3789 534 3836 ese
561 3789 610 3837 Pro
639 3791 760 3847 Cluentio,
783 3805 805 3838 c.
839 3792 923 3848 22⁶3
941 3791 1005 3840 Dion
1024 3790 1128 3848 Credas,
1148 3792 1188 3845 37.
1209 3805 1229 3837 c.
1248 3789 1301 3852 et).
1336 3791 1426 3839 Sallust

226 3857 422 3904 2—‘eummum
449 3852 591 3900 auxilium?
624 3855 667 3902 tlte
694 3855 808 3902 &nem
840 3853 924 3912 (Catil.
944 3869 965 3901 e.
985 3853 1083 3916 29)hae
1099 3869 1114 3901 e
1130 3853 1209 3901 useftd
1225 3853 1320 3901 remark
1333 3855 1426 3903 anthia

225 3919 362 3968 consultum
372 3918 443 3965 mede
452 3918 477 3964 in
486 3918 528 3964 the
535 3917 595 3966 time
602 3919 630 3966 ol
638 3919 808 3980 gratdnnger,
841 3918 1081 3969 fleustueoousultum
1092 3934 1098 3964 :
1116 3921 1133 3945 “
1143 3917 1237 3980 ltaque,
1249 3917 1313 3979 quod
1320 3918 1425 3980 plerum-

224 3984 302 4031 whiclt
313 3981 461 4045 empowered
471 3983 514 4029 the
530 3983 625 4031 consule
635 3989 661 4030 to
671 3997 716 4031 use
725 3983 757 4031 ull
767 3983 810 4030 tlte
858 3998 890 4030 ue
900 3983 925 4030 iu
936 3983 1010 4029 atroci
1021 3981 1118 4044 negotio
1127 3981 1196 4038 solet,
1205 3987 1301 4029 senatus
1312 3981 1425 4042 decrevit,

224 4049 290 4098 toros
311 4053 337 4096 et
366 4047 429 4096 their
458 4048 599 4094 commend:
617 4047 759 4095 “Videant
779 4061 808 4094 or
905 4052 1040 4110 ntoperem
1051 4046 1161 4094 musuleo
1177 4045 1276 4110 nequid
1294 4047 1343 4095 Res
1361 4048 1426 4095 Pub·

225 4115 426 4176 Durentoperam
440 4111 592 4160 consulesne
607 4113 665 4174 qnid
682 4111 731 4159 Res
743 4111 807 4159 Pub·
838 4113 886 4159 lioe
902 4111 1040 4159 detrimenti
1058 4117 1161 4173 caperet.
1192 4111 1228 4159 m
1249 4117 1355 4172 potestm
1381 4127 1427 4175 per

224 4179 271 4227 lice
281 4179 419 4226 detrimenti
429 4176 551 4239 apeew
568 4177 649 4225 lem
659 4177 702 4225 the
712 4177 809 4224 “lorum
840 4181 950 4225 senatum
962 4191 1028 4224 more
1040 4176 1150 4224 Rommo
1162 4176 1311 4238 megistum
1323 4177 1426 4225 menime

225 4240 807 4304 mmmmuuuemeenmieua'’(1lvy,
839 4241 1002 4304 permittitur:
1020 4241 1150 4289 exercitum
1168 4255 1260 4303 perure,
1277 4240 1366 4289 bellum
1384 4257 1425 4303 ge-

224 4309 258 4356 lil.
270 4307 306 4371 4).
340 4307 564 4362 luOicero'etime,
581 4307 628 4354 eud
648 4321 708 4354 eren
726 4305 809 4354 before
838 4321 900 4364 rere,
912 4319 1021 4354 coercere
1035 4305 1149 4354 omnibus
1169 4305 1247 4354 modis
1265 4307 1426 4369 moneatque

224 4373 263 4420 hia
279 4373 345 4429 time,
357 4372 450 4419 instead
469 4371 497 4418 ol
512 4386 528 4418 e
550 4371 661 4420 Dictator
676 4371 749 4432 being
765 4385 808 4432 ap·
840 4371 918 4419 circes
944 4371 1009 4419 domi
1032 4371 1100 4418 mili'
1147 4385 1177 4418 ue
1198 4369 1325 4434 imperium
1353 4377 1426 4434 etque

224 4437 323 4499 pointed
333 4437 372 4484 for
382 4437 638 4498 sucheuemergency,
649 4437 807 4498 accordingto
836 4436 953 4498 judicium
965 4449 1087 4483 summum
1105 4435 1136 4482 lue
1167 4451 1208 4494 τος
1226 4435 1295 4483 aliter
1312 4435 1364 4483 eine
1381 4451 1425 4498 po·

224 4502 267 4551 tlte
280 4501 320 4550 old
331 4501 432 4557 lesbion,
443 4500 485 4548 the
501 4501 643 4548 Dictatosial
661 4515 741 4563 power
759 4516 808 4550 was
839 4501 891 4564 pull
907 4501 977 4563 jussu
994 4500 1055 4548 nulli
1072 4515 1153 4548 earum
1172 4515 1252 4548 rerum
1274 4501 1366 4548 consuli
1386 4501 1426 4562 jue

224 4565 807 4629 conterredbytlrielormofflenetusooueultum.
839 4564 904 4615 est'’
936 4565 990 4615 ‘reo
1012 4565 1100 4614 Ssuete
1120 4580 1169 4614 vm
1195 4565 1238 4614 tlte
1264 4566 1427 4614 mmervative
