3517 5325
666 1344 713 1404 M.
733 1341 885 1403 TULLII
907 1336 1138 1402 CICERONIS

431 1522 791 1708 ouurroors
843 1579 972 1698 ruo
1025 1578 1094 1696 u.
1139 1573 1385 1694 ruuuro

729 1891 860 1983 ouon
885 1897 1093 1962 nxrnur.

352 2412 439 2478 uA
484 2414 504 2455 *
548 2410 568 2451 ³
613 2407 726 2473 *s*
770 2410 790 2451 *
835 2403 1043 2471 *ratores*
1087 2405 1108 2448 ¹*
1153 2404 1172 2445 *
1217 2405 1237 2447 ⁴*
1280 2403 1511 2469 turosndver-

309 2513 410 2578 sorios
424 2509 608 2587 arbitrarer,
625 2513 750 2572 tautam
769 2505 898 2570 caedem
914 2510 948 2568 et
962 2510 1030 2567 tam
1044 2509 1186 2568 atrocem
1201 2503 1243 2567 ad
1257 2501 1408 2566 familiam
1422 2523 1513 2565 suam

308 2608 478 2697 pertinere.
524 2605 639 2692 Itaque
663 2604 769 2670 auimo
791 2602 896 2668 soluto
916 2621 1026 2667 acurc
1045 2607 1080 2665 et
1099 2622 1118 2664 a
1138 2600 1332 2687 cogitatione
1353 2621 1510 2677 venerem,

310 2708 394 2794 quod
409 2704 625 2791 intelligebam
639 2703 732 2768 facile
748 2702 842 2767 idme
856 2701 994 2766 testibus
1009 2700 1138 2785 planum
1151 2698 1255 2763 facere
1269 2722 1373 2785 posse.
1419 2698 1512 2763 Nunc

309 2828 394 2881 vero,
410 2811 619 2891 posteaquam
633 2801 807 2865 non-modo
822 2800 986 2864 confessus
995 2804 1047 2862 est
1057 2796 1104 2861 vir
1118 2797 1285 2883 primarius
1296 2796 1333 2861 L.
1345 2796 1513 2879 Quinctius

548 2903 567 2943 a
784 2900 804 2940 ι
1021 2896 1040 2936 ιι
1257 2898 1276 2938 u

310 3000 493 3065 laborabam
507 3005 545 3063 ut
559 2996 643 3083 quod
662 2997 833 3081 arguebam
848 2994 881 3057 id
896 2994 1015 3058 factum
1030 3015 1100 3057 esse
1117 2993 1326 3058 ostenderem.
1372 2992 1464 3058 Nunc
1479 2993 1513 3057 in

311 3122 349 3163 eo
365 3096 580 3163 consumenda
594 3103 645 3158 est
660 3093 772 3173 oratio,
784 3101 873 3157 utne
884 3090 1064 3169 adversarii,
1082 3091 1167 3175 quod
1181 3092 1311 3156 infitiari
1322 3091 1406 3159 nullo
1418 3092 1513 3156 modo

311 3202 494 3282 potuerunt,
510 3215 607 3278 quum
621 3190 757 3255 maxime
772 3195 934 3275 cuperent,
956 3188 988 3253 id
1007 3210 1103 3274 quum
1123 3190 1364 3271 confessisunt,
1385 3190 1514 3255 meliore

311 3294 381 3357 loco
396 3314 466 3356 esse
481 3290 658 3354 videantur.

355 3392 387 3453 2.
412 3388 527 3473 Itaque
549 3394 619 3450 tum
639 3391 782 3449 vestrum
801 3382 958 3448 difficilius
976 3384 1140 3469 judicium,
1161 3406 1233 3451 mea
1252 3385 1354 3451 facilis
1373 3385 1514 3450 defensio

311 3487 380 3550 fore
395 3485 571 3549 videbatur.
616 3482 689 3568 Ego
704 3481 789 3546 euim
803 3482 910 3547 omnia
923 3481 957 3545 in
971 3483 1108 3547 testibus
1224 3486 1243 3527 ⁴*
1359 3486 1378 3526 ⁴¹
1494 3486 1515 3527 ¹⁸

314 3582 390 3669 quid
404 3589 455 3647 est
468 3582 593 3647 facilius
607 3602 703 3666 quam
718 3581 758 3644 de
772 3602 811 3644 eo
831 3580 886 3666 qui
907 3580 1080 3645 confitetur
1094 3581 1258 3666 judicaret
1305 3581 1388 3646 Mihi
1406 3589 1516 3647 autem

313 3680 438 3747 difficile
460 3690 512 3745 est
534 3678 616 3745 satis
641 3677 770 3763 copiose
793 3679 834 3743 de
859 3700 899 3744 eo
923 3678 1037 3758 dicere,
1062 3680 1147 3765 quod
1170 3700 1228 3744 uec
1249 3680 1389 3745 atrocius
1410 3680 1517 3745 verbis
1560 3739 1583 3761 ,.

348 3892 371 3940 l.
396 3891 491 3953 Peyron
508 3890 552 3937 hau
569 3887 680 3951 supplied
704 3888 748 3936 the
765 3888 898 3952 beginning
929 3888 1102 3937 ismeutiouod
1115 3888 1142 3935 iu
1161 3888 1204 3937 tbe
1221 3889 1321 3948 Brutus,
1339 3905 1360 3938 c.
1373 3888 1473 3949 62‚and
1489 3890 1544 3937 in·

312 3956 387 4004 thus:
416 3956 522 4004 “Antea
532 3954 639 4002 sichnuc
657 3968 766 4003 caussam
783 3956 897 4013 adieram,
929 3953 1247 4011 tuermcluenfiuoau.
1260 3958 1353 4013 39,40.

316 4021 504 4082 responsus,
531 4024 560 4067 nt
596 4034 728 4081 numquam
763 4018 897 4067 dicturus.’'
963 4017 1161 4080 quumcoryfearr']
1181 4018 1449 4077 Kellsrwritco‘cum'
1461 4034 1518 4083 pro·

315 4086 399 4133 Keller
406 4084 454 4132 hod
460 4089 504 4132 uot
513 4084 555 4131 the
562 4085 718 4147 opportunity
726 4084 754 4131 oi
761 4085 899 4144 examiniug
930 4083 1005 4144 bably
1012 4083 1054 4129 tho
1062 4082 1161 4145 reading
1168 4084 1198 4131 of
1205 4084 1248 4131 the
1255 4084 1311 4133 MS.
1343 4084 1397 4133 The
1408 4084 1518 4132 Romans

314 4150 358 4197 the
368 4150 422 4197 first
431 4149 489 4196 folio
500 4148 529 4196 ol
542 4149 585 4197 the
594 4148 672 4195 'Puriu
683 4148 899 4211 Palimpsestasit
931 4156 1004 4195 wrote
1012 4146 1345 4210 botb‘quum'and‘cum.’
1379 4149 1486 4197 SeeVol.
1494 4149 1517 4197 1.

315 4213 671 4277 basbecualrcndyobserred.
931 4212 1002 4260 Verr.
1013 4212 1038 4259 ii.
1056 4213 1081 4259 3.
1099 4227 1120 4261 c.
1139 4215 1179 4272 nl,
1195 4218 1260 4261 note.
1293 4214 1346 4262 'I'he
1364 4213 1438 4263 MSS.
1455 4214 1519 4263 hare

347 4279 380 4325 Ia.
392 4278 533 4341 Quinctius]
552 4277 735 4326 Heresixllueu
745 4278 900 4339 arcurautiug
933 4276 1078 4325 ‘oomsessi'
1205 4332 1210 4343 Ι

314 4342 393 4390 inthe
403 4343 459 4392 MS.
493 4343 638 4406 Peyroulras
649 4342 761 4405 supplied
770 4342 846 4400 tn,
855 4342 901 4389 but
965 4345 989 4390 2.
1006 4342 1144 4405 difficilius]
1169 4342 1223 4390 'I'ho
1250 4342 1306 4390 MS.
1336 4342 1380 4391 luas
1408 4344 1519 4391 ‘difficil-

316 4406 387 4455 Beier
396 4408 530 4469 rejectshis
546 4406 767 4471 supplementum
784 4406 901 4455 Huschke
932 4406 979 4454 lius
993 4406 1142 4455 diudicium!
1176 4407 1344 4456 ‘Dindicium’
1363 4409 1384 4456 is
1401 4406 1520 4471 probably

314 4472 400 4531 rejects
411 4472 674 4535 Beier'ssupplnrnout.
697 4472 900 4525 Thubunae-
933 4472 1069 4533 ngenuiue
1087 4471 1128 4519 old
1146 4472 1367 4536 orthogrspby,ior
1387 4473 1453 4521 'diu’
1471 4474 1521 4523 aud
1570 4494 1576 4505 ¹

314 4536 372 4597 tius,
383 4538 403 4587 it
413 4540 435 4588 is
445 4538 605 4601 conjectured,
616 4552 673 4601 may
683 4536 715 4586 be
725 4536 768 4585 the
778 4552 835 4585 man
845 4536 900 4584 who
933 4536 984 4584 ‘iu'
996 4552 1036 4585 are
1047 4536 1264 4599 interchangeable.
