3517 5325
704 472 805 539 oAP.
829 476 880 554 18,
905 476 957 540 19.
1390 477 1431 539 sc

227 643 313 709 tristi
339 664 378 709 ac
400 642 565 709 recondita
586 642 665 707 luit:
690 664 754 707 non
775 644 816 709 ad
837 643 997 719 solarium,
1020 664 1085 707 uon
1106 642 1140 707 in
1162 664 1284 727 campo,
1307 664 1373 707 uon
1396 642 1430 707 in

227 741 378 805 conviviis
389 748 534 805 versatus
549 747 618 805 est:
642 740 675 803 id
687 741 754 825 egit
764 748 801 805 ut
811 741 931 805 amicos
942 740 1151 817 observantia,
1162 762 1229 805 rem
1238 739 1431 825 parsimonia

227 838 390 903 retineret
435 838 613 922 Antiquam
628 838 721 901 officii
736 839 891 901 rationem
910 838 1031 916 dilexit,
1048 838 1140 921 cujus
1159 838 1309 923 splendor
1328 838 1430 900 omnis

227 934 278 997 his
301 934 443 997 moribus
479 934 644 999 obsolevit.
699 934 800 998 Atei
829 934 862 997 iu
884 956 998 999 caussa
1022 934 1092 1019 pari
1115 934 1279 999 discedere
1302 934 1431 997 interior

227 1031 396 1109 videretur,
421 1038 529 1095 tamen
559 1039 644 1096 esset
667 1054 730 1095 non
753 1032 957 1097 mediocriter
982 1033 1258 1116 conquerendum
1287 1053 1371 1095 nunc
1397 1031 1431 1093 in

228 1148 343 1191 cauam
356 1129 516 1213 superiore
531 1150 571 1193 ne
586 1136 623 1191 ut
644 1151 702 1213 par
723 1129 850 1213 quidem
864 1128 909 1192 sit
930 1128 1093 1213 postulat;
1117 1128 1297 1193 interiorem
1310 1150 1382 1193 esse
1395 1150 1431 1191 se

228 1224 360 1308 patitur,
376 1225 545 1289 dumtaxat
559 1246 658 1309 usqne
673 1247 711 1289 eo
726 1246 765 1287 ne
774 1246 847 1289 cum
860 1224 962 1302 bonis,
972 1225 1066 1303 sama,
1078 1225 1276 1310 fortunisque
1284 1224 1431 1289 omnibus

230 1322 305 1385 Sex.
319 1321 429 1387 Naevii
444 1321 611 1406 cupiditati
626 1321 870 1405 crudelitatique
885 1322 1029 1385 dedatur.

274 1417 380 1481 XIX.
419 1418 533 1495 Docni,
558 1418 643 1503 quod
668 1418 806 1503 primum
835 1417 995 1503 pollicitus
1023 1439 1104 1495 sum,
1133 1416 1170 1483 0.
1186 1417 1315 1503 Aquilli,
1340 1440 1432 1483 caus·

229 1536 299 1581 sam
327 1516 454 1583 omnino
477 1538 535 1579 cur
556 1516 733 1601 postularet
754 1537 818 1579 non
840 1516 959 1590 luisse3
983 1516 1069 1601 quod
1095 1536 1197 1600 neque
1219 1516 1354 1600 pecunia
1378 1516 1432 1579 de-

229 1613 365 1677 bebatur
390 1620 432 1690 et,
448 1614 475 1678 si
498 1613 635 1679 maxime
650 1614 828 1689 deberetur,
844 1612 1048 1677 commissum
1071 1612 1149 1675 nihil
1171 1618 1257 1676 esset
1280 1634 1376 1696 quare
1390 1613 1433 1675 ad

229 1710 326 1774 biam
354 1711 509 1775 rationem
531 1711 755 1796 perveniretur.
813 1709 959 1775 Attende
980 1731 1064 1773 nuuc
1086 1730 1127 1773 ex
1147 1709 1256 1773 edicto
1277 1708 1433 1794 praetoris

230 1806 315 1871 bona
337 1806 375 1871 P.
393 1808 513 1889 Quintii
536 1807 690 1893 possideri
713 1806 797 1873 nullo
819 1807 916 1873 modo
938 1806 1089 1891 potuisse.
1134 1805 1250 1869 Recita
1271 1805 1429 1870 edictum:

231 1926 289 1971 eur
313 1926 568 1969 ruaunarmurs
585 1926 712 1970 caussa
734 1925 938 1969 tammam.
984 1902 1058 1967 Non
1072 1902 1164 1968 estis
1179 1902 1347 1983 Quintius:
1371 1902 1433 1967 nisi

228 2002 258 2067 si
272 2002 411 2080 latitant,
429 2002 482 2087 qui
497 2003 537 2067 ad
552 2005 716 2089 negotium
730 2026 824 2069 suum
835 2002 947 2067 relicto
961 2008 1168 2087 procuratore
1180 2001 1433 2086 proficiscuntur.

231 2120 288 2163 cn1
312 2120 423 2163 uanas
448 2121 518 2163 rou
542 2122 724 2164 axsraarr.
770 2100 819 2164 Ne
835 2100 863 2165 is
883 2100 1019 2185 quidem.
1065 2119 1124 2166 eur
1148 2119 1280 2161 nxsrnu
1304 2120 1433 2162 caussa

230 2216 341 2259 setun
366 2217 560 2261 ,veternam
622 2192 692 2276 Q'uo
726 2204 870 2281 tempore
906 2194 1072 2259 existimas
1100 2195 1290 2279 oportuisse,
1322 2194 1431 2273 Naevi,

229 2292 393 2357 absentem
410 2294 573 2373 Quintium
588 2295 713 2359 delendi
733 2302 790 2359 aut
812 2294 990 2380 quomodo?
1034 2292 1117 2356 'l'um
1132 2314 1229 2377 quum
1248 2293 1434 2378 postulabas

230 2396 269 2453 ut
282 2390 364 2453 bona
378 2391 714 2475 possideres—Nemo
734 2391 846 2456 adfuit.
893 2390 1006 2475 Neque
1016 2390 1101 2453 enim
1115 2389 1283 2474 quisquam
1293 2389 1434 2453 divinus

230 2538 286 2592 stet,
304 2536 398 2585 nullum
415 2538 441 2585 in
458 2538 511 2586 soro
526 2540 593 2601 prius
610 2539 682 2587 luisse
699 2554 772 2601 quam
789 2537 815 2585 id
846 2534 967 2599 Ulpiau):
997 2534 1049 2582 “st
1075 2536 1117 2581 diu
1148 2535 1266 2581 incertum
1295 2534 1335 2589 sit,
1365 2532 1435 2581 heres

230 2601 295 2662 quod
314 2601 349 2649 M.
366 2598 476 2651 Valerius
493 2617 523 2650 ex
543 2604 621 2651 Sicilia
637 2604 763 2651 adrectmn
784 2602 815 2649 ad
847 2601 978 2647 exstiturus
988 2613 1064 2646 necne
1074 2599 1114 2655 sit,
1128 2597 1318 2660 caumcognits
1327 2598 1435 2659 permitti

229 2671 308 2712 rostra
325 2667 350 2712 in
368 2668 480 2716 columna
498 2669 586 2729 posuit.
620 2669 691 2719 Quod
710 2683 764 2714 cum
784 2667 814 2713 sd
847 2665 968 2726 oportebit
982 2664 1046 2712 hona
1057 2665 1092 2712 rei
1110 2664 1240 2712 remandas
1257 2678 1340 2710 mussa
1415 2662 1435 2701 '-

229 2729 301 2776 clima
318 2730 411 2777 Siciliae
426 2731 571 2792 descriptum
588 2732 618 2778 ad
635 2733 705 2777 horas
724 2731 815 2777 Romae
848 2729 906 2776 deri
940 2728 973 2774 nt
984 2728 1045 2774 siita
1055 2741 1093 2773 res
1103 2733 1187 2788 urgeat
1197 2727 1235 2773 rel
1243 2726 1348 2773 conditio
1357 2677 1434 2772 bddd

229 2807 280 2842 nou
295 2795 441 2852 conveniret,
459 2795 488 2842 L.
508 2795 631 2855 Philippus
650 2809 735 2842 censor
750 2793 815 2840 aliud
846 2807 910 2847 rum,
921 2792 993 2838 ιῆιιιι
1003 2791 1102 2838 Ιιοοιιίι
1111 2791 1288 2838 concedendum
1300 2795 1328 2837 ut
1339 2795 1434 2838 suntor

227 2857 299 2918 justa
316 2857 466 2904 consutnit.”
505 2857 574 2920 Pliny
595 2858 639 2920 (H.
659 2858 693 2904 N.
712 2858 752 2904 vii.
771 2857 814 2920 60)
848 2856 1007 2902 constituatur
1031 2869 1094 2901 unus
1123 2869 1153 2901 ex
1179 2853 1362 2901 creditoribus.''
1404 2853 1435 2900 Iu

230 2920 318 2982 speaks
336 2920 364 2967 of
380 2935 396 2967 a
414 2920 589 2981 ‘horologium'
606 2921 690 2983 placed
708 2921 784 2970 under
801 2935 817 2967 s
849 2919 908 2967 such
923 2934 938 2965 s
954 2919 1102 2965 cassiteras
1114 2931 1238 2979 necemy
1249 2923 1276 2966 to
1293 2932 1376 2965 secure
1392 2918 1435 2965 the

231 2985 344 3044 seraing
361 2983 394 3046 by
413 2985 493 3045 Scipio
510 2985 605 3040 Nasica,
624 2984 678 3032 rrho
700 2989 716 3012 ⁸¹
726 2986 817 3046 primm
849 2988 970 3046 property,
981 2981 1041 3030 both
1051 2983 1089 3029 ior
1099 2983 1142 3029 the
1157 2982 1248 3028 bcnelh
1258 2982 1285 3029 ot
1298 2983 1341 3030 tha
1356 2982 1434 3040 heres,

229 3045 294 3110 aqria
300 3048 381 3096 divisit
391 3049 461 3096 horas
467 3051 655 3110 sequeuoctium
662 3065 690 3096 ae
697 3047 817 3096 dierum.”
849 3047 997 3102 etr-heredes,
1008 3048 1056 3095 end
1066 3046 1094 3093 ot
1102 3047 1144 3093 the
1154 3047 1277 3093 creditore.

230 3113 284 3160 The
299 3112 407 3160 Romans
422 3114 546 3160 measured
561 3115 620 3161 time
637 3113 696 3161 both
713 3114 746 3176 by
757 3113 817 3160 disls
881 3113 930 3159 sisi
943 3111 977 3172 ri]
1012 3111 1046 3158 So
1063 3112 1088 3157 in
1103 3111 1136 3157 all
1152 3110 1194 3158 the
1205 3110 1287 3167 MSS..
1304 3124 1331 3157 ss
1345 3109 1435 3158 Gruter

231 3176 280 3223 and
301 3177 343 3223 the
364 3178 420 3224 flor
438 3177 467 3224 oi
485 3183 558 3224 water
580 3177 674 3240 (Cicero
695 3179 733 3224 De
755 3177 813 3224 Nat.
847 3189 909 3236 says.
943 3174 1027 3223 Keller
1044 3175 1104 3222 citas
1125 3175 1194 3221 three
1218 3175 1284 3221 Paris
1306 3173 1379 3221 MSS.
1406 3174 1433 3221 in

232 3241 305 3288 Deor.
321 3241 345 3287 ii.
363 3241 414 3306 34).
449 3241 514 3289 Both
529 3242 599 3288 kinds
613 3242 642 3289 ol
656 3241 814 3302 timelseepers
846 3240 925 3288 which
942 3240 1010 3287 there
1027 3239 1121 3301 isonly
1140 3237 1434 3300 ‘nisi.'-⁴qui...rer-

231 3317 294 3351 vere
304 3305 379 3352 ‹relled
391 3305 535 3353 ‘solarium'
563 3327 567 3336 ·
847 3304 921 3351 terit!
956 3303 1081 3350 llotmanu
1098 3304 1148 3350 snd
1165 3301 1297 3350 lambiens
1312 3301 1373 3350 both
1390 3317 1433 3364 say

264 3370 300 3414 Ar
310 3371 332 3416 si
343 3371 377 3426 ιἰι,
389 3369 446 3432 dcc]
483 3371 507 3417 It
517 3371 539 3417 is
549 3385 606 3432 very
621 3369 721 3418 difficolt
731 3373 757 3416 to
775 3383 815 3416 see
847 3369 901 3415 that
911 3367 970 3428 they
984 3367 1060 3414 found
1070 3368 1206 3428 something
1221 3368 1270 3414 else
1286 3367 1347 3414 atter
1364 3371 1433 3413 ‘rer-

232 3434 818 3546 turminstrinsecus
849 3430 1435 3556 hiemasset-tit

232 3561 436 3620 agrimeutthere
452 3563 480 3609 is.
513 3563 592 3609 There
607 3577 648 3610 are
664 3561 754 3609 several
770 3561 818 3608 idle
849 3560 942 3622 eractly
956 3559 1112 3621 agreesbout
1122 3561 1166 3606 the
1181 3559 1268 3606 worda.
1302 3558 1436 3606 lambiens

232 3629 356 3672 sentences
372 3625 398 3671 in
419 3626 467 3673 this
485 3628 587 3683 oration,
606 3627 665 3674 such
687 3641 713 3674 as
734 3626 817 3674 Cicero
849 3625 928 3671 errius
953 3625 1073 3671 ‘verterit
1107 3622 1298 3670 Dicihoedel’.
1320 3623 1435 3674 Quinctio

233 3688 313 3734 would
327 3693 372 3736 not
386 3689 446 3736 hare
456 3691 551 3738 written
561 3691 631 3738 when
642 3691 816 3738 henasolder.
849 3692 996 3749 nonpotest
1030 3687 1434 3740 Qorassrrrsromcronmrr·

232 3751 312 3798 There
328 3753 350 3800 is
366 3755 502 3816 something
519 3755 547 3801 ot
565 3755 690 3803 thereme
711 3753 770 3801 kind
791 3755 817 3800 in
850 3765 899 3799 sus
921 3765 978 3799 uort
999 3765 1107 3799 ruanis.
1140 3752 1181 3798 Ne
1202 3752 1222 3798 is
1241 3750 1346 3812 quidem.
1380 3751 1436 3800 Quo

233 3829 254 3864 c.
266 3818 306 3864 30.
849 3815 975 3876 tempore‚’
986 3817 1030 3863 dre.
1063 3815 1117 3862 rue
1126 3815 1233 3861 addition
1244 3815 1272 3860 ot
1280 3815 1348 3860 these
1357 3812 1436 3860 words

268 3881 306 3928 19.
323 3881 474 3929 cameriam
492 3881 644 3944 stillasset]
679 3881 775 3929 Twelve
791 3879 820 3928 oi
849 3879 933 3926 meires
953 3879 1018 3924 what
1042 3878 1135 3925 tollore
1165 3878 1261 3932 clesrer,
1298 3877 1437 3922 ‘abachum

234 3943 339 3992 Keller'a
366 3944 440 3993 MSS.
468 3946 528 3994 hare
562 3947 730 3994 ‘commissum
758 3945 818 3992 nihil
851 3943 979 3994 Quintium
996 3941 1110 3998 defeudi,’
1133 3945 1193 3996 διας
1216 3940 1262 3987 bnt
1279 3939 1362 3986 Keller
1382 3953 1437 3999 says

233 4007 303 4054 esse!
849 4003 1439 4064 thatthereisnotraceotalacunahereinsuy

270 4072 816 4134 Qutsraadrrenoeaam]800v01,1.vffl.
849 4071 878 4118 of
892 4070 935 4116 the
952 4067 1018 4116 Psrls
1037 4067 1111 4114 MSS.
1145 4067 1219 4115 Klots
1236 4065 1280 4112 has
1297 4065 1438 4113 introduced

232 4135 258 4183 ii.
271 4139 294 4183 2.
312 4151 333 4182 c.
345 4139 385 4194 at,
401 4137 449 4183 sud
467 4137 512 4184 Pro
527 4136 635 4192 Quintio,
653 4151 674 4184 c.
692 4140 732 4185 23.
765 4137 819 4183 The
850 4135 919 4182 these
937 4132 1014 4179 words
1030 4133 1083 4178 into
1100 4132 1138 4178 his
1155 4134 1209 4178 text
1225 4129 1283 4176 with
1301 4135 1350 4177 two
1367 4131 1437 4177 small

233 4199 287 4246 title
298 4199 326 4247 ol
334 4200 375 4247 the
384 4201 477 4262 Digest,
490 4203 530 4247 tn.
541 4204 566 4257 4,
579 4205 595 4228 “
605 4200 817 4251 Quibusexcana·
850 4198 986 4245 variatione.
1030 4195 1055 4242 lt
1075 4196 1097 4243 is
1118 4210 1175 4256 very
1196 4193 1277 4254 likely,
1300 4209 1327 4240 ss
1349 4193 1438 4242 Gruter

234 4264 266 4310 sis
287 4265 314 4311 iu
335 4266 510 4326 poaseasiouem
536 4263 629 4320 eatur,''
648 4265 757 4311 cennius
778 4265 821 4311 the
852 4263 943 4316 thinks,
951 4261 1005 4307 that
1015 4260 1110 4308 neither
1120 4259 1244 4306 Hotmsnn
1251 4273 1297 4304 nor
1305 4257 1437 4307 lambiens

233 4328 298 4376 mles
315 4329 343 4375 ot
357 4329 401 4376 law
420 4327 553 4390 applicable
570 4333 596 4374 to
614 4328 655 4374 the
678 4327 773 4374 ‘missio
795 4327 821 4374 in
853 4327 908 4374 tells
919 4327 961 4372 the
971 4323 1179 4374 tmth.-—‘ouum
1190 4322 1378 4384 proscribebssr'
1395 4323 1439 4370 the

234 4393 426 4453 possessionem!
459 4393 524 4454 Why
535 4393 555 4439 it
566 4391 652 4438 should
669 4390 699 4437 be
715 4391 786 4448 done,
802 4391 824 4438 ll
853 4391 932 4437 critioe
943 4387 1203 4448 can'tsgreesrbether
1212 4387 1280 4434 there
1291 4387 1439 4435 shonldbea

233 4469 266 4502 no
277 4471 365 4518 person
375 4456 493 4518 appeared
504 4471 531 4503 as
541 4456 619 4512 heres,
634 4455 687 4502 that
696 4456 726 4512 ie,
743 4469 769 4501 as
780 4455 822 4502 the
853 4459 912 4500 note
922 4452 950 4499 oi
957 4453 1128 4513 interrogation
1138 4452 1200 4499 atter
1211 4451 1399 4513 ‘proscribebas'
1410 4466 1439 4500 or

233 4521 421 4580 representative
431 4523 459 4569 oi
473 4521 515 4569 the
531 4519 653 4576 deceased,
670 4520 719 4567 will
733 4533 822 4580 appear
853 4521 905 4566 not.
938 4517 1006 4578 They
1023 4521 1090 4563 must
1110 4515 1141 4564 be
1161 4515 1294 4564 reconciled
1314 4517 1347 4579 by
1365 4517 1438 4577 behrg

233 4583 820 4648 mametolleaingparsage(ltig.eate‚c.
853 4579 1268 4644 toldtbatitisqulteimmterlsl.

807 4649 870 4710 n2
