3517 5325
640 487 818 552 ΗΑΒΙΤΟ
844 486 946 555 uAP.
969 492 1108 558 33-35,
1389 497 1448 562 331

253 658 380 724 theatro
395 656 439 722 illi
451 655 572 741 judicio
587 657 745 724 aedificati
760 659 969 732 videbantun
992 683 1074 746 quos
1095 662 1150 727 ubi
1164 669 1335 728 accusator
1349 665 1455 728 conci·

252 756 331 821 tatis
350 755 530 820 hominibus
555 755 738 840 complerat,
754 777 818 820 non
840 757 936 820 modo
955 757 1081 822 dicendi
1104 760 1145 823 ab
1165 781 1221 823 reo
1242 760 1301 823 sed
1322 783 1363 824 ne
1384 783 1455 826 sur.-

252 853 348 940 gendi
372 853 500 938 quidem
519 857 663 936 potestus
682 859 763 918 erat.
808 852 920 938 Nuper
939 855 1025 939 apud
1039 855 1076 919 0.
1092 855 1285 932 Orchivium,
1301 857 1454 942 collegam

252 973 366 1030 meum,
383 951 470 1014 locus
492 950 534 1014 ab
554 950 715 1034 judicibus
736 950 861 1015 Fausto
882 951 989 1016 Sullae
1010 953 1051 1016 de
1073 953 1214 1039 pecuniis
1233 953 1366 1017 residuis
1388 976 1453 1018 non

253 1055 304 1114 est
319 1048 515 1114 constitutus
527 1073 536 1119 ς
564 1067 628 1112 non
642 1069 705 1132 quo
720 1047 763 1110 illi
778 1055 835 1114 aut
850 1048 993 1133 exlegem
1006 1071 1077 1114 cese
1092 1050 1221 1125 Sullam,
1236 1059 1295 1114 ant
1308 1071 1454 1115 caussam

252 1147 405 1234 pecuniae
424 1145 568 1231 publicae
587 1151 803 1230 contemptam
822 1153 919 1230 atque
938 1147 1096 1232 abjectam
1116 1155 1276 1230 putarent,
1297 1149 1354 1212 sed
1369 1149 1454 1233 quod

252 1249 423 1308 accusante
446 1242 574 1306 tribuno
603 1242 705 1328 plebis
733 1242 917 1308 conditione
939 1265 1043 1330 aequa
1071 1245 1243 1330 disceptari
1271 1267 1365 1329 posse
1389 1268 1454 1310 non

252 1347 455 1428 putaverunt.
502 1339 596 1420 Quid,
612 1341 772 1406 conferam
788 1340 949 1405 Sullamne
971 1363 1044 1406 cum
1065 1342 1088 1405 J
1091 1343 1175 1419 unio,
1190 1364 1234 1406 an
1250 1343 1336 1406 hunc
1352 1343 1453 1408 tribu-

253 1461 329 1504 num
357 1437 459 1523 plebis
475 1457 553 1502 -cum
580 1437 721 1518 Quintio,
746 1459 787 1500 an
812 1457 888 1501 vero
911 1445 1040 1524 tempus
1064 1461 1137 1504 cum
1154 1442 1320 1524 tempore!
1364 1440 1454 1504 Sulla
1572 1501 1575 1504 ,

253 1536 399 1610 maximis
413 1535 537 1620 opibus,
552 1535 708 1621 cognatis,
725 1535 883 1612 affinibus,
898 1537 1096 1614 necessariis,
1107 1537 1276 1602 clientibus
1289 1537 1451 1622 plurimis:

253 1633 333 1698 haec
346 1641 455 1698 autem
470 1631 554 1716 apud
569 1630 592 1694 J
595 1632 702 1696 unium
717 1651 824 1717 parva,
835 1639 869 1698 et
884 1632 1009 1696 iullrma
1023 1641 1058 1698 et
1072 1634 1173 1720 ipsius
1186 1635 1295 1699 labore
1308 1635 1455 1720 quaesita

253 1737 350 1815 atquc
372 1730 515 1794 colecta.
560 1729 625 1794 Hic
642 1730 789 1796 tribunus
806 1730 908 1815 plebis
930 1732 1103 1810 modestus,
1124 1733 1255 1816 pudens,
1271 1753 1335 1796 non
1356 1733 1453 1796 modo

253 1850 317 1894 non
331 1827 501 1892 seditiosus
515 1827 573 1892 sed
587 1827 684 1892 etiam
699 1827 859 1892 seditiosis
873 1829 1092 1894 sdversarius:
1116 1829 1168 1893 ille
1184 1837 1293 1894 autem
1306 1832 1450 1908 acerbus,

254 1925 449 2002 criminosus,
462 1923 623 2009 popularis
632 1925 773 1990 homosc
784 1924 997 1990 turbulentus.
1021 1925 1163 2010 Tempus
1171 1925 1232 1990 boc
1247 1927 1452 2012 tranquillum

254 2028 350 2106 atque
365 2030 532 2107 pacatum:
558 2021 633 2086 illud
655 2021 800 2086 omnibus
821 2021 957 2087 invidiae
974 2023 1226 2107 tempestatibus
1245 2024 1451 2088 concitatum.

256 2119 345 2200 Quae
374 2142 470 2205 quum
498 2119 546 2185 ita
575 2126 692 2198 000001,
717 2118 750 2182 10
777 2119 905 2212 Fausto
930 2126 1040 2184 tamen
1062 2120 1107 2184 illi
1126 2121 1251 2205 judices
1268 2128 1453 2188 statuemut

253 2219 362 2304 iniqua
387 2219 566 2284 conditione
592 2239 682 2282 reum
705 2239 850 2282 caussam
868 2218 983 2296 dicere,
1000 2240 1095 2302 quum
1117 2219 1299 2284 adversario
1320 2221 1389 2304 ejus
1410 2219 1453 2282 ad

250 2317 305 2401 jus
319 2317 529 2382 accusationis
543 2337 666 2380 summa
680 2315 728 2378 vis
743 2314 914 2398 potestatis
927 2315 1104 2378 accederet.

295 2412 458 2478 XXXV.
482 2414 585 2493 Quam
611 2412 740 2498 quidem
768 2411 926 2486 rationem
950 2432 1016 2487 vos,
1040 2411 1175 2494 judices,
1201 2411 1370 2496 diligenter
1392 2433 1451 2496 pro

254 2518 359 2574 vestre
382 2509 538 2594 sapientia
557 2515 592 2571 et
610 2506 809 2570 humanitate
832 2507 975 2590 cogitare
996 2514 1031 2570 et
1049 2507 1176 2591 penitus
1196 2507 1376 2592 perspicere
1398 2509 1451 2572 de·

252 2606 347 2685 betis,
364 2607 439 2691 quid
454 2605 538 2681 mali,
555 2611 709 2690 quantum
723 2602 854 2689 periculi
864 2602 918 2665 uni
933 2602 1047 2687 cuique
1061 2611 1206 2669 nostrum
1220 2604 1336 2669 inserte
1350 2605 1452 2690 possit

253 2703 301 2765 vis
320 2702 496 2779 tribunicia,
513 2702 651 2765 00011010
672 2700 859 2786 praesertim
882 2700 1001 2763 invidia
1024 2708 1059 2765 et
1080 2702 1282 2767 contionibus
1299 2702 1451 2767 seditiose

254 2798 431 2863 concitetis.
476 2798 748 2883 Optimisbcrculc
763 2797 969 2883 temporibus,
985 2804 1053 2861 tum
1069 2820 1166 2883 quum
1181 2800 1324 2862 homines
1337 2821 1373 2863 sc
1387 2820 1452 2863 non

250 2896 428 2980 jactatione
436 2895 580 2980 populari
595 2896 652 2958 sed
667 2894 823 2979 dignitate
837 2902 935 2979 etque
950 2894 1130 2959 innocentia
1143 2896 1326 2970 tuebantur,
1342 2903 1451 2959 tamen

253 3016 312 3057 nec
326 2994 364 3059 P.
379 2993 542 3078 Popillius,
555 3012 657 3076 neque
668 2991 706 3071 Q.
721 2991 884 3069 Metellus,
897 2991 1061 3055 clarissimi
1075 3004 1173 3077 atque
1187 2992 1370 3077 amplissimi
1381 2992 1449 3071 viri,
1486 2992 1493 3003 ‘

147 3164 160 3187 ι
252 3092 317 3157 vim
341 3091 544 3156 tribuniciam
566 3089 722 3153 sustinere
745 3095 939 3173 potuerunt:
966 3088 1080 3151 nedum
1106 3089 1157 3151 his
1175 3088 1380 3173 temporibus,
1400 3090 1452 3153 bis

253 3188 402 3266 moribus,
411 3188 461 3252 bis
476 3186 728 3272 magistratibus,
743 3185 812 3249 sine
821 3192 928 3249 vestra
942 3184 1099 3270 sapientia
1120 3207 1158 3249 ac
1172 3185 1241 3249 sine
1261 3185 1452 3269 judiciorum

253 3286 407 3365 remediis,
424 3286 500 3349 salvi
512 3306 581 3349 esse
596 3284 763 3369 possimus.
807 3282 881 3346 Nou
895 3282 956 3346 snit
968 3282 1066 3367 igitur
1079 3283 1153 3346 illud
1170 3283 1324 3369 judicium
1339 3283 1452 3367 judicii

253 3382 363 3461 simile,
375 3384 508 3469 judices,
525 3381 663 3447 nonfuit
679 3405 689 3455 ;
713 3380 820 3465 inquo
836 3402 900 3444 uon
914 3380 1028 3443 modus
1037 3379 1120 3445 ullus
1131 3391 1183 3445 est
1204 3379 1376 3458 adbibitus,
1388 3402 1452 3444 nou

286 3666 463 3728 rie-reridaie]
482 3666 542 3715 'l'bia
558 3682 607 3715 rrae
623 3666 757 3723 Paculatne,
775 3680 802 3713 00
816 3666 837 3713 lt
867 3665 984 3728 populum
994 3664 1079 3721 100001,
1090 3668 1115 3711 10
1125 3678 1200 3711 unum
1211 3664 1318 3725 exlegem
1328 3662 1407 3711 0000.”

253 3730 275 3777 10
292 3730 416 3791 explained
433 3731 465 3793 by
484 3732 571 3779 Paulus
588 3731 654 3793 (Dig.
673 3732 713 3779 lu
736 3732 773 3779 1³.
791 3729 834 3791 tle
900 3733 941 3778 eo.
953 3730 985 3775 P.
994 3728 1129 3789 Popillius]
1142 3728 1195 3775 'l'lre
1204 3742 1260 3775 man
1268 3727 1322 3774 wbo
1332 3728 1381 3774 bad
1391 3727 1453 3774 been

254 3798 270 3822 ‘¹
280 3794 345 3853 lege
358 3794 373 3840 J
376 3794 424 3840 ulia
439 3794 469 3840 de
479 3794 579 3841 residuis
590 3800 693 3849 1000100,
705 3794 747 3855 qui
757 3793 836 3851 publi·
868 3792 985 3839 beniebed
995 3792 1028 3853 by
1038 3807 1053 3838 0
1064 3792 1115 3839 Lex
1125 3792 1153 3838 01
1161 3791 1190 3839 G.
1199 3791 1329 3846 Gracchus,
1340 3790 1454 3837 00110100

253 3872 306 3905 cam
317 3858 442 3918 pecnnim
458 3858 589 3917 delegatam
605 3858 632 3905 in
647 3872 718 3905 nsum
734 3857 837 3918 aliquem
868 3870 917 3903 vas
934 3856 1041 3903 restored
1059 3870 1093 3902 on
1113 3855 1156 3902 1110
1172 3856 1265 3902 0001100
1282 3854 1310 3900 ot
1324 3854 1354 3900 L.
1372 3854 1456 3900 lleetla

253 3920 534 3983 retinnitnsqueineum
543 3918 836 3983 coneumprlt'’¹locns'
871 3918 975 3982 (Cicero,
993 3919 1091 3975 Brutus,
1111 3934 1132 3964 c.
1152 3921 1192 3965 21.
1212 3916 1271 3980 84)ε
1295 3916 1349 3963 ’111
1372 3916 1455 3963 Bestia

253 3986 274 4033 10
285 3984 411 4046 explained
422 3984 453 4043 by
462 3984 503 4030 the
514 3998 613 4045 passage
622 3985 647 4031 iu
659 4000 680 4031 0.
687 3986 734 4033 2⁰2
747 3988 762 4011 “
770 3996 837 4030 mum
870 3980 940 4029 bonis
948 3982 1021 4028 initiis
1032 3996 1100 4028 orsus
1111 3981 1254 4037 tribunatus,
1265 3994 1321 4027 nam
1333 3980 1361 4026 P.
1373 3980 1454 4055 Popil-
1570 4008 1574 4020 ·

254 4049 335 4097 statim
344 4048 526 4108 istitutionem
537 4048 700 4107 locueprimus
708 4048 837 4095 constitue·
869 4046 929 4092 lium
938 4046 963 4092 vi
974 4046 1001 4092 0.
1014 4045 1114 4092 Gracchi
1132 4045 1258 4105 expulsum
1274 4058 1319 4090 000
1331 4051 1455 4104 rogatione

253 4112 513 4172 retur-impetravit.”
529 4111 839 4171 The‘judlces'wouldnot
869 4110 983 4166 restitnit,
1004 4109 1040 4155 vir
1061 4114 1086 4155 et
1106 4122 1160 4155 0000
1186 4113 1211 4155 01
1232 4123 1281 4154 000
1302 4107 1430 4154 indisertus
1437 4107 1453 4131 ’'

253 4178 322 4225 allow
341 4192 356 4223 0
375 4176 520 4237 ‘juditium'
540 4190 569 4222 or
584 4176 692 4235 tbeydid
706 4180 750 4221 uot
765 4174 841 4221 admit
873 4172 1003 4236 (0100000).
1035 4172 1088 4219 The
1106 4177 1172 4231 story
1189 4172 1217 4218 ol
1232 4171 1347 4233 Popillius
1358 4171 1455 4218 0011010

254 4242 309 4289 that
324 4242 392 4288 there
411 4240 532 4289 0001010
550 4254 566 4286 0
584 4238 727 4299 ‘judicium'
742 4252 774 4284 on
792 4238 836 4285 fuir
867 4233 1454 4298 exibistoldbrietlybyPlntarcb(C.Gracrliue,

254 4310 337 4362 terme,
354 4305 423 4352 uben
439 4320 454 4351 a
473 4302 611 4351 ‘tribunus'
630 4302 736 4350 werthe
754 4316 836 4363 proae-
868 4304 937 4357 04).

254 4376 331 4418 00100.
903 4364 1070 4426 Thestoryol
1077 4364 1119 4411 the
1128 4363 1253 4411 turbulent
1264 4361 1360 4409 tribune
1370 4362 1454 4409 Satur.

288 4428 839 4481 *1101οῇ101001011001011100000010011100
870 4430 1008 4486 01000001
1019 4429 1049 4477 oi
1060 4428 1174 4475 Metellus
1183 4429 1262 4475 whom
1273 4427 1305 4473 be
1315 4425 1387 4472 drove
1401 4428 1454 4475 1010

255 4497 315 4555 Lex,
326 4513 353 4545 aa
368 4499 393 4545 10
408 4496 476 4559 lisy,
486 4497 518 4545 ix.
530 4512 550 4543 c.
563 4498 609 4544 ³⁴:
628 4494 691 4542 “An
709 4494 754 4542 boc
771 4494 838 4551 (11011,
870 4496 940 4552 erile,
951 4494 972 4542 10
983 4494 1033 4542 told
1043 4494 1076 4555 by
1087 4492 1199 4541 Plutarch
1211 4491 1356 4556 (11001000.
1367 4490 1420 4554 19).

255 4561 327 4624 Appi,
339 4576 388 4609 000
398 4562 475 4610 100001
485 4560 588 4609 Aemilia
604 4561 657 4621 lege
667 4560 790 4622 populum
806 4574 838 4607 an
