3517 5325
343 483 409 545 320
662 479 797 544 ORAT.
821 477 913 542 PRO
938 476 979 542 Α.
1003 473 1241 542 OLUENTIO

343 649 526 715 fateamini?
570 649 715 728 Quonam
730 649 829 735 igitur
843 650 922 714 haec
933 649 1031 712 modo
1045 654 1139 734 gesta
1153 646 1248 711 sunt!
1270 645 1429 731 Repetam
1443 648 1556 731 paullo

343 748 450 824 altius,
470 746 605 831 jndices,
628 754 663 811 et
678 747 783 812 omnia
798 769 878 832 quae
893 747 927 810 in
941 747 1092 810 diuturna
1106 744 1302 809 obscuritate
1317 745 1490 818 latuenmt,
1503 746 1554 809 sic

343 847 485 930 aperiam
511 851 606 908 ntea
632 865 762 908 cernere
784 844 886 909 oculis
910 843 1087 908 videamini.
1133 841 1204 906 Vos
1228 864 1355 927 quaeso,
1383 849 1422 906 ut
1444 843 1554 906 adhuc

342 963 394 1005 mo
420 949 544 1006 attente
566 941 711 1019 audistis,
736 942 813 1006 item
835 963 917 1027 quae
945 941 1067 1026 reliqua
1088 946 1164 1004 sunt
1193 940 1342 1004 audiatis.
1396 938 1553 1004 Profecto

342 1039 421 1102 nihil
449 1061 469 1102 a
490 1060 540 1102 me
570 1039 696 1103 dicetur
726 1039 810 1124 quod
839 1060 904 1101 non
933 1037 1065 1123 dignum
1084 1036 1145 1100 hoc
1170 1045 1330 1100 conventu
1350 1045 1385 1101 et
1407 1037 1550 1116 silentio,

343 1136 475 1222 dignum
490 1137 605 1200 vestris
619 1136 734 1200 studiis
748 1143 845 1221 atque
860 1135 990 1200 auribus
1004 1157 1076 1199 esse
1090 1135 1247 1199 videatur.

386 1233 470 1296 Nam
495 1240 533 1298 ut
558 1233 695 1319 primum
718 1233 911 1318 Oppianicus
932 1255 973 1297 ex
994 1255 1033 1296 eo
1056 1233 1141 1316 quod
1162 1232 1359 1296 Scamander
1379 1253 1454 1296 reus
1476 1242 1551 1299 erat

341 1332 456 1408 factus,
473 1331 548 1416 quid
563 1330 624 1394 sibi
639 1331 839 1416 impenderet
859 1330 966 1416 coepit
976 1329 1141 1414 suspicari,
1160 1329 1272 1394 statim
1293 1351 1328 1392 se
1345 1330 1388 1392 ad
1407 1330 1550 1396 hominis

342 1429 477 1516 egentia,
504 1428 647 1505 audacis,
672 1429 705 1492 in
724 1429 854 1513 judiciis
877 1427 1116 1513 corrumpendis
1139 1427 1317 1505 exercitati,
1342 1434 1412 1490 tum
1435 1434 1550 1492 autem

338 1527 467 1610 judicis,
487 1525 610 1591 Staieni
625 1525 875 1590 familiaritatem
889 1525 1072 1611 applicavit.
1118 1526 1169 1589 Ac
1188 1524 1325 1610 primum
1348 1523 1547 1590 Scamandro

341 1645 395 1687 reo
415 1631 541 1688 tantum
562 1623 646 1688 datis
669 1624 851 1688 muneribus
868 1624 1048 1709 perfecerat
1068 1628 1107 1686 ut
1126 1645 1165 1686 eo
1184 1623 1308 1687 fautore
1331 1629 1476 1687 uteretur
1490 1647 1546 1688 cu·

340 1723 462 1807 pidiore
488 1743 583 1807 quam
608 1722 688 1786 fides
709 1723 829 1806 judicis
853 1722 1049 1807 postulabat.
1094 1721 1178 1786 Post
1200 1729 1310 1786 autem
1334 1743 1431 1806 quum
1455 1731 1546 1788 esset

233 1821 238 1832 '
343 1817 536 1882 Scamander
564 1818 658 1882 unius
691 1820 814 1884 Staieni
852 1819 1012 1883 sententia
1043 1818 1218 1898 absolutus,
1249 1828 1405 1904 patronus
1432 1828 1545 1884 autem

342 1914 529 1978 Scamandri
544 1936 584 1978 ne
599 1937 657 1978 sua
672 1917 800 2002 quidem
814 1917 975 1982 sententia
987 1915 1150 1993 liberatus,
1166 1916 1342 1980 acrioribus
1355 1916 1451 1982 saluti
1466 1939 1544 1982 snae

339 2011 489 2076 remediis
502 2013 751 2077 subveniendum
766 2015 904 2100 putavit.
950 2012 1032 2077 Tum
1046 2015 1088 2076 ab
1104 2013 1245 2092 Staieno,
1261 2013 1348 2078 sicut
1358 2014 1399 2077 ab
1414 2014 1543 2080 homine

340 2109 382 2173 ad
407 2110 653 2194 excogitandum
683 2113 879 2188 acutissimo,
904 2113 948 2176 ad
975 2112 1157 2175 audendum
1185 2112 1471 2197 impudentissimo,
1498 2115 1542 2176 ad

338 2207 537 2274 efficiendum
560 2209 839 2274 acerrimo-haec
860 2210 945 2274 enim
966 2209 1019 2273 ille
1040 2216 1075 2273 et
1097 2209 1203 2294 aliqua
1224 2232 1265 2273 ex
1281 2217 1374 2295 parte
1388 2210 1539 2289 habebat,

340 2313 375 2369 et
388 2306 509 2390 majore
524 2328 564 2370 ex
579 2314 672 2391 parte
694 2329 728 2371 se
743 2307 860 2372 habere
871 2307 1237 2372 simulabat—auxilium
1248 2308 1345 2392 capiti
1360 2314 1395 2372 et
1404 2308 1542 2372 fortunis

337 2404 405 2468 suis
433 2412 543 2490 petere
569 2404 683 2490 coepit
731 2405 852 2470 XXV.
877 2405 956 2470 Jam
977 2406 1038 2469 hoc
1063 2426 1127 2468 non
1152 2405 1315 2490 ignoratis,
1343 2405 1478 2489 judices,
1502 2415 1542 2471 ut

338 2502 435 2566 etiam
458 2503 580 2566 bestiae
600 2503 683 2566 fame
705 2504 846 2568 monitae
870 2505 1055 2588 plerumque
1075 2501 1118 2565 ad
1143 2523 1216 2566 enm
1238 2503 1344 2566 locum
1358 2502 1413 2565 ubi
1428 2510 1541 2588 pastae

335 2600 404 2666 sint
432 2599 600 2687 aliquando
630 2608 841 2667 revertantur.
901 2600 1050 2666 Staienus
1085 2599 1137 2664 ille
1171 2600 1297 2665 biennio
1326 2608 1412 2678 ante,
1441 2623 1541 2687 quum

338 2720 485 2763 caussam
514 2700 669 2765 bonorum
705 2700 814 2763 Safinii
838 2700 968 2765 Atellae
1000 2698 1183 2783 recepisset,
1216 2700 1377 2764 sexcentis
1401 2699 1539 2763 millibus

337 2798 499 2860 nummllm
517 2818 551 2861 se
573 2797 730 2881 judicium
750 2804 974 2883 corrupturum
997 2818 1068 2860 esse
1093 2795 1240 2872 dixerat;
1265 2819 1347 2882 quae
1368 2819 1465 2883 quum
1486 2819 1539 2860 ac-

337 2894 474 2979 cepisset
488 2916 508 2958 a
522 2894 649 2979 pupillo,
667 2895 853 2979 suppressit,
872 2894 1056 2978 judicioque
1077 2892 1163 2957 facto
1178 2917 1237 2958 nec
1260 2894 1379 2959 Safinio
1400 2916 1459 2958 nec
1481 2896 1538 2957 bn·

337 3012 451 3055 norum
467 2991 665 3077 emptoribus
679 2992 828 3055 reddidit.
875 2990 1091 3076 Quamquam
1105 2993 1273 3077 pecuniam
1290 2993 1492 3078 profudisset,
1502 3002 1539 3059 et

337 3090 400 3153 sibi
415 3090 492 3153 nihil
508 3112 571 3153 non
586 3091 681 3154 modo
695 3089 735 3152 ad
746 3088 940 3174 cupiditates
954 3112 1031 3154 suas
1048 3092 1107 3155 sed
1129 3112 1168 3154 ne
1178 3092 1220 3155 ad
1234 3092 1460 3156 necessitatem
1468 3091 1537 3177 qui·

337 3188 409 3251 dem
420 3187 612 3272 reliquisset,
625 3186 740 3251 statuit
754 3187 795 3249 ad
804 3186 931 3257 easdem
943 3209 1013 3252 esse
1028 3188 1089 3252 sibi
1104 3190 1285 3274 praedaaac
1300 3190 1537 3275 suppressiones

332 3282 500 3367 judiciales
515 3283 744 3347 revertendum.
791 3283 907 3369 Itaque
921 3307 1017 3369 quum
1027 3286 1238 3371 Oppianicum
1249 3288 1318 3371 iam
1332 3288 1491 3372 perditum
1501 3296 1537 3353 et

336 3381 460 3443 duobus
471 3380 650 3464 jugulatum
667 3380 869 3465 praejudiciis
884 3382 1016 3459 videret,
1031 3384 1195 3469 promissis
1214 3384 1280 3448 suis
1294 3406 1366 3449 eum
1380 3386 1537 3451 excitavit

335 3476 498 3558 abjectum
513 3482 547 3539 et
561 3476 654 3539 simul
669 3476 765 3541 saluti
781 3478 949 3563 desperare
959 3480 1072 3545 vetuit.
1118 3479 1315 3566 Oppianicus
1321 3488 1429 3545 autem
1440 3503 1536 3547 orare

336 3571 496 3635 hominem
512 3572 618 3658 eoepit
637 3582 673 3638 ut
695 3574 755 3638 sibi
786 3578 944 3641 rationem
963 3577 1148 3642 ostenderet
1166 3578 1278 3663 judicii
1301 3580 1532 3663 corrumpendi.

337 3668 396 3733 Ille
411 3677 528 3749 autem,
545 3672 809 3756 quemadmodum
830 3696 870 3737 ex
885 3674 955 3759 ipso
974 3674 1152 3760 Oppianico
1167 3682 1281 3761 postea
1299 3684 1352 3741 est
1373 3676 1532 3753 auditum,

334 3766 465 3853 negavit
484 3789 674 3853 quemquam
685 3790 755 3833 esse
770 3768 803 3833 in
819 3770 950 3836 civitate
964 3778 1093 3856 praeter
1111 3772 1210 3858 sequi
1227 3773 1259 3836 id
1274 3773 1399 3837 efficere
1419 3774 1533 3859 possit.

367 3968 432 4015 datia
450 3967 601 4029 muneribus]
622 3968 646 4015 S.
657 3967 687 4015 Τ.
721 3968 828 4017 Classen,
861 3969 916 4017 'Iba
947 3968 995 4015 had
1005 3968 1067 4016 been
1083 3969 1150 4028 sold3
1166 3970 1214 4017 and
1224 3974 1252 4018 to
1262 3986 1344 4019 meurs
1359 3986 1375 4018 a
1389 3970 1487 4027 rerdict,
1500 3970 1533 4019 bc

332 4046 444 4079 common
463 4032 597 4093 readingis
619 4032 703 4080 ‘donis
728 4034 790 4080 datia
811 4034 915 4080 muneri·
947 4034 1072 4095 employed
1088 4033 1199 4081 Staienus
1218 4040 1244 4081 to
1263 4035 1331 4083 bribe
1349 4036 1393 4083 the
1410 4034 1531 4096 'judices'

332 4096 619 4159 busque.’-⁴fautore:'
654 4096 786 4144 Lambinus
814 4112 862 4144 naa
889 4098 915 4144 iu
948 4098 1060 4144 Staienus
1081 4099 1141 4159 kept
1163 4096 1182 4161 (⁴
1189 4101 1322 4160 suppressit
1329 4100 1349 4163 ’)
1370 4100 1413 4147 the
1434 4114 1530 4161 money.

332 4160 417 4207 favour
433 4160 462 4207 of
473 4160 522 4207 thia
533 4160 632 4221 reading
642 4160 670 4207 of
677 4161 720 4208 the
728 4161 788 4209 cod.
802 4160 827 4207 S.
840 4161 914 4217 vict..
949 4161 988 4208 lle
1006 4162 1048 4209 did
1065 4168 1109 4209 not
1124 4178 1171 4224 pay
1191 4164 1212 4210 it
1228 4162 1289 4211 bault
1305 4164 1382 4212 either
1397 4170 1424 4211 to
1442 4163 1530 4217 Atella.

332 4224 420 4271 buthe
435 4239 483 4271 was
501 4230 543 4271 not
557 4225 659 4271 listened
672 4231 706 4273 to.
741 4224 876 4272 ‘Fautore’
894 4225 916 4271 ia
948 4225 1029 4272 whose
1040 4240 1126 4287 money
1136 4227 1157 4273 it
1167 4242 1224 4283 naa,
1235 4242 1281 4275 nor
1297 4234 1323 4275 to
1339 4229 1383 4275 tha
1394 4234 1401 4255 ⁴
1411 4228 1528 4275 bonomm

331 4289 375 4335 the
385 4288 483 4348 reading
493 4290 522 4335 of
536 4288 561 4335 S.
573 4288 612 4346 T..
623 4289 671 4336 and
682 4289 724 4336 the
737 4294 791 4336 true
807 4289 914 4350 reading.
946 4290 1084 4350 emptoraa,'
1101 4292 1182 4338 whose
1198 4306 1285 4354 money
1301 4294 1322 4341 it
1337 4308 1386 4340 vas
1404 4298 1456 4339 not.
1490 4292 1530 4339 lla

332 4352 467 4400 ‘Auctore'
479 4353 498 4399 is
510 4353 611 4399 without
618 4368 666 4414 any
677 4354 789 4412 meaning
800 4352 864 4399 bere.
947 4354 1006 4415 kept
1016 4354 1043 4401 it.

365 4420 405 4463 25.
423 4430 532 4464 caunum
552 4418 680 4478 boccum]
701 4417 803 4463 Snfinius
826 4417 914 4473 Atella,
980 4420 1022 4479 qai
1041 4418 1069 4464 id
1085 4420 1179 4481 efficere
1190 4420 1291 4482 ponta]
1309 4420 1370 4467 Thia
1385 4434 1486 4483 appears
1501 4424 1530 4467 to

330 4494 358 4527 aa
376 4479 501 4527 Manutius
518 4481 625 4542 explains
643 4482 670 4537 it,
688 4480 821 4543 attempted
835 4486 862 4528 to
876 4496 913 4529 re·
946 4480 977 4529 be
987 4482 1030 4529 the
1045 4484 1144 4544 mding
1160 4484 1189 4531 of
1204 4485 1237 4531 all
1252 4484 1295 4532 the
1311 4486 1385 4533 MSS.
1396 4500 1453 4533 aava
1467 4498 1528 4540 oue:

331 4558 402 4592 cover
417 4544 454 4591 hia
467 4550 580 4607 property
596 4544 658 4591 imm
674 4544 785 4592 thore-to
799 4544 878 4593 whom
895 4546 916 4593 it
947 4546 994 4593 and
1012 4546 1113 4608 though,
1130 4562 1157 4595 aa
1173 4548 1273 4597 cum
1287 4548 1408 4606 observas,
1419 4549 1528 4610 ‘posui’
