3517 5325
690 488 791 554 cnr.
815 492 865 570 ιι,
890 491 942 555 ao.
1376 496 1419 555 45

213 654 248 721 id
272 664 306 721 te
327 654 492 721 admisisse
515 655 662 720 concedis
683 658 767 743 quod
788 678 829 722 ne
850 658 1016 722 mendacio
1030 658 1157 743 quidem
1179 666 1290 746 tegere
1304 659 1417 745 possis.

216 753 290 817 Hoc
306 750 471 816 consilium
493 751 635 837 Aquillio
657 760 691 817 et
712 754 830 817 talibus
851 754 926 818 viris
948 762 1017 818 tam
1039 755 1197 840 cupidum,
1214 763 1282 820 tam
1303 757 1417 835 audax,

214 856 282 913 tam
312 846 517 913 temerarium
550 849 755 933 probabitur?
823 850 907 930 Quid
937 852 1017 915 haec
1053 852 1202 929 amentia,
1234 853 1310 939 quid
1341 854 1420 915 haec

214 946 388 1021 festinatio,
410 944 485 1030 quid
507 946 586 1009 haec
608 946 820 1011 immaturitas
842 954 935 1011 tanta
958 948 1139 1032 significat?
1169 970 1232 1012 non
1258 950 1331 1023 vim,
1354 970 1420 1011 non

216 1042 329 1119 scelus,
346 1064 410 1107 non
431 1042 640 1121 latrocinium,
658 1064 722 1107 non
737 1042 872 1128 denique
887 1044 993 1107 omnia
1008 1046 1224 1131 potiusquam
1242 1047 1306 1131 jus,
1323 1066 1420 1129 quam

216 1140 361 1216 officium,
378 1160 472 1223 quam
488 1140 662 1222 pudorem!
707 1138 816 1203 Mittis
833 1139 955 1223 injussu
971 1141 1136 1224 praetoris.
1182 1142 1254 1221 Quo
1269 1143 1420 1205 consilio?

216 1236 388 1300 Jussurum
397 1236 531 1299 sciebas.
565 1235 657 1314 Quid,
668 1256 766 1320 quum
773 1235 931 1319 jussisset,
942 1246 1013 1299 tum
1023 1237 1153 1301 mittere
1161 1260 1266 1301 nonne
1274 1241 1420 1324 poterae?

218 1332 445 1397 Postulaturus
459 1354 539 1395 eras.
586 1332 741 1411 Quando!
787 1333 870 1397 Post
884 1334 953 1397 dies
973 1354 1052 1397 xxx.
1098 1334 1220 1420 Nempe
1240 1336 1268 1399 si
1286 1343 1320 1399 te
1342 1334 1421 1399 nihil

217 1430 405 1515 impediret;
439 1428 466 1491 si
492 1428 639 1495 voluntas
666 1430 776 1493 eadem
801 1438 966 1504 maneret;
1001 1430 1195 1506 eivaleres3
1234 1418 1421 1518 deniquesi

217 1527 345 1590 viveres.
381 1526 518 1590 Praetor
525 1525 684 1610 jussisset.
719 1526 849 1611 Opinor‚
861 1526 890 1591 si
899 1527 1001 1605 vellet,
1012 1527 1039 1589 si
1048 1528 1177 1606 valeret,
1189 1528 1216 1591 si
1224 1530 1280 1613 jus
1288 1530 1418 1609 diceret,

217 1624 244 1687 si
259 1644 351 1687 nemo
366 1631 530 1687 recusaret
545 1622 620 1709 quin
636 1644 676 1687 ex
692 1622 792 1707 ipsius
804 1624 934 1687 decreto
948 1622 1012 1707 [et]
1031 1624 1205 1688 satisdaret
1218 1633 1253 1689 et
1263 1626 1419 1709 judicium

215 1720 360 1805 accipere
383 1720 487 1784 vellet.
547 1720 631 1783 Nam
655 1742 711 1804 per
737 1720 826 1783 Deos
848 1720 1053 1797 immortales,
1080 1721 1108 1784 ai
1135 1721 1279 1800 Alfenus,
1306 1744 1420 1807 procu--

217 1826 308 1881 rator
332 1816 371 1881 P.
393 1816 525 1897 Quintil,
550 1816 609 1881 tibi
631 1823 700 1880 tum
723 1816 895 1880 satisdaret
916 1824 951 1880 et
968 1818 1123 1901 judicium
1146 1819 1291 1904 accipere
1313 1820 1416 1897 vellet,

217 1916 351 2001 denique
366 1916 472 1979 omnia
487 1936 567 2000 quae
586 1914 766 1999 postulares
788 1914 893 1978 lacere
911 1915 1074 1991 voluisset,
1090 1916 1166 2001 quid
1181 1920 1313 2001 ageres!
1356 1916 1419 1981 Re-

216 2036 348 2079 vocares
366 2034 438 2077 eum
462 2034 555 2098 quem
579 2013 611 2075 in
638 2012 775 2076 Galliam
793 2013 946 2077 miseras!
990 2016 1039 2077 At
1064 2014 1117 2077 hic
1137 2014 1264 2099 quidem
1285 2015 1353 2099 jam
1379 2016 1419 2079 de

216 2110 313 2174 lundo
325 2110 482 2194 expulsus,
497 2110 565 2193 jam
576 2108 670 2173 asuis
680 2108 752 2173 Diis
767 2110 936 2193 penatibus
946 2130 1098 2194 praeceps
1106 2112 1237 2194 ejectus,
1244 2112 1321 2194 jam,
1335 2112 1420 2196 quod

216 2205 468 2292 indignissimum
483 2214 543 2283 est,
559 2226 686 2269 suorum
701 2227 862 2270 servorum
877 2206 1032 2283 manibus,
1048 2208 1161 2271 nuntio
1175 2216 1273 2293 atque
1288 2209 1420 2295 imperio

250 2404 290 2451 26.
308 2403 433 2465 Nempsss'
446 2402 481 2463 te]
518 2402 563 2451 See
578 2402 633 2451 Vol.
651 2402 673 2451 1.
688 2402 758 2451 Verr.
775 2402 800 2451 ii.
867 2402 1004 2460 Facdolati,
1015 2402 1097 2451 whose
1110 2406 1180 2451 notes
1201 2404 1227 2451 in
1245 2403 1376 2453 refuhhou
1393 2405 1423 2453 ot

217 2470 241 2515 2.
261 2482 283 2515 c.
300 2468 323 2515 6.
362 2466 415 2515 The
430 2466 508 2514 worda
526 2470 595 2527 ‘post
614 2467 664 2515 dies
686 2465 797 2526 triginta'
834 2465 966 2514 lambinus
982 2467 1123 2529 arequoted
1140 2467 1171 2528 by
1184 2468 1420 2523 Kellenmisunder-

216 2530 248 2578 do
270 2534 314 2578 not
334 2545 404 2577 mean
426 2545 473 2591 any
494 2530 591 2578 delinita
613 2531 685 2587 timer
709 2530 757 2577 and
775 2530 803 2577 oi
833 2530 903 2577 stood
911 2530 1039 2578 thelatin.
1052 2530 1169 2577 Helrnev
1177 2531 1421 2581 whatCioeromeant

216 2608 300 2643 course
311 2595 342 2643 do
353 2599 398 2643 not
407 2596 470 2642 refer
479 2598 506 2643 to
520 2595 562 2641 the
577 2594 653 2656 thirty
663 2594 722 2655 days
733 2608 800 2641 men-
832 2598 859 2641 to
871 2608 921 2655 say,
933 2594 981 2641 and
992 2594 1088 2655 nohody
1100 2594 1187 2643 doubts
1197 2595 1259 2651 that,
1269 2594 1314 2642 hut
1324 2596 1356 2643 he
1365 2611 1420 2659 says

216 2658 298 2707 tioned
309 2658 384 2706 above
396 2658 427 2722 (c.
440 2658 475 2720 8).
493 2656 626 2707 ‘Wheul'
637 2673 691 2720 says
700 2658 796 2707 Cicero:
834 2658 906 2705 that‘
924 2659 983 2720 quin
1001 2658 1139 2706 satisdaret'
1162 2658 1242 2706 would
1258 2675 1355 2721 expreoe
1377 2662 1420 2708 the

217 2724 260 2770 ‘in
271 2723 346 2784 thirty
357 2723 451 2784 daysor
462 2721 506 2768 so!
834 2727 946 2782 conhary
964 2729 991 2770 to
1007 2723 1050 2769 the
1065 2723 1180 2770 intended
1196 2724 1315 2784 meaning.
1357 2725 1383 2772 It
1398 2727 1420 2772 is

249 2789 272 2835 ai
282 2785 561 2848 mancusas-etquis]
596 2785 649 2833 'l'he
657 2785 698 2832 old
705 2785 802 2846 reading
834 2785 945 2832 however
957 2787 1010 2846 J'ust
1025 2793 1052 2832 to
1073 2787 1107 2833 lat
1122 2785 1174 2833 him
1189 2788 1244 2847 give
1258 2788 1297 2834 his
1312 2803 1367 2836 own
1377 2803 1419 2836 ex-

216 2849 321 2912 is‘qui,'
339 2849 417 2896 which
429 2849 561 2896 lambiens
571 2849 661 2896 altered
671 2853 698 2896 to
714 2847 801 2910 'quin'
834 2849 973 2909 planatiou:
1000 2849 1125 2896 “Praetor
1141 2851 1205 2897 enim
1224 2851 1335 2911 jussisset
1356 2852 1421 2900 hona

554 2911 802 3038 nnn
833 2912 1419 3041 msc-⁰*

216 3042 291 3090 habet
301 3039 380 3103 quin).
415 3040 498 3089 Keller
508 3040 565 3088 (nlla
579 3041 621 3088 the
632 3041 766 3101 conjecture
776 3040 804 3087 oi
834 3041 1040 3093 bebatur-Quod
1056 3041 1195 3102 allegamus
1211 3045 1269 3104 pata
1279 3044 1419 3101 subderet,

218 3105 351 3154 Lambinus
363 3102 543 3165 ‘ineptissima'
554 3105 602 3151 and
608 3109 650 3166 yet
660 3104 743 3152 Cicero
754 3103 801 3151 had
834 3117 918 3151 seam
928 3103 985 3151 huic
995 3105 1095 3152 omniuo
1102 3107 1234 3153 wutrarius
1244 3107 1333 3163 eriath,
1344 3109 1419 3155 valet·

218 3171 268 3218 said
280 3169 375 3217 heloro:
394 3173 459 3216 ‘uon
475 3168 600 3216 recusabat
611 3168 725 3220 Quintius
741 3169 800 3230 quin
833 3168 954 3230 quoidam
971 3183 999 3216 ac
1015 3169 1172 3226 adiceretur,
1189 3171 1297 3218 Praetor
1305 3173 1420 3230 janeus

216 3235 252 3282 ita
269 3231 410 3280 satisdaret'
452 3233 505 3280 The
520 3247 564 3280 use
584 3232 613 3280 ol
627 3231 718 3294 ‘quim'
735 3235 800 3294 ‘quo
832 3234 854 3279 η’
869 3233 960 3294 dicata
974 3233 1046 3280 vellet
1063 3234 1184 3281 actiadm
1201 3249 1232 3281 ac
1240 3235 1365 3294 judiciam
1377 3251 1419 3283 aa·

217 3297 314 3355 minus,’
329 3297 391 3344 aster
407 3295 548 3353 ‘rechem'
561 3296 677 3344 needsno
690 3297 802 3357 explana·
834 3297 932 3356 cipere:
955 3311 1004 3359 quo
1025 3311 1082 3344 sane
1103 3297 1164 3344 nihil
1189 3303 1271 3360 potest
1290 3300 1420 3360 excogitari

217 3365 277 3410 tion.
311 3361 337 3408 ll
344 3362 370 3408 in
384 3361 452 3422 placa
465 3361 493 3408 ol
509 3361 545 3408 ‘si
565 3360 652 3408 nemo'
672 3359 740 3408 there
755 3361 802 3408 hsd
833 3359 1107 3422 abaurdius,''—ercept
1123 3361 1288 3424 thisattempt
1301 3365 1418 3425 ateapla-

217 3425 280 3473 heen
296 3425 330 3472 ‘si
345 3425 447 3472 Alfenus
460 3424 524 3472 non'
536 3439 564 3472 or
574 3439 642 3472 sorus
653 3425 712 3472 such
722 3439 801 3483 name,
834 3424 926 3480 natica,
936 3430 981 3472 not
994 3424 1100 3472 founded
1114 3440 1147 3472 on
1158 3425 1263 3474 Cicero’s
1277 3427 1363 3485 words,
1374 3427 1420 3474 but

218 3489 315 3550 nohcdy
331 3489 410 3536 would
431 3488 491 3536 hare
506 3488 611 3550 thought
627 3488 656 3536 ol
668 3502 716 3550 any
731 3489 801 3536 other
833 3502 865 3534 on
884 3489 928 3535 the
947 3489 1024 3536 words
1046 3489 1074 3536 oi
1093 3489 1135 3537 the
1156 3495 1337 3538 commentator.
1379 3492 1419 3539 lle

186 3559 192 3568 '
217 3553 316 3614 reading
326 3553 384 3600 thau
396 3557 402 3580 ⁴
412 3552 488 3614 quin!
522 3553 606 3600 Cicero
614 3567 696 3600 means
704 3559 730 3600 to
741 3567 799 3614 say:
832 3551 915 3599 thiulrs
923 3553 978 3600 that
987 3553 1008 3600 it
1015 3553 1083 3614 helps
1092 3553 1223 3601 hiscasetc
1233 3555 1327 3602 referto
1338 3571 1359 3603 c.
1373 3557 1418 3605 ltlr

219 3623 235 3646 ‘⁴
245 3618 286 3664 the
296 3621 398 3680 praetor,
410 3617 423 3663 l
436 3631 547 3678 suppose,
559 3617 637 3663 would
653 3616 714 3664 have
730 3617 800 3677 given
834 3620 935 3678 “neque
958 3632 1103 3678 quemquam
1120 3617 1239 3665 attinebat
1260 3619 1286 3665 id
1301 3633 1418 3677 meare,

218 3695 250 3728 sn
261 3681 330 3728 order
341 3681 378 3728 ior
388 3681 430 3728 the
441 3681 539 3738 seiaure,
555 3680 577 3727 il
590 3681 621 3727 he
637 3681 685 3728 had
695 3681 799 3742 pleased‚
833 3680 898 3742 quod
919 3687 1084 3741 praetenues
1100 3683 1160 3738 heri,
1179 3682 1222 3728 aed
1232 3697 1262 3729 ex
1280 3683 1358 3730 edicto
1375 3697 1420 3730 suo

218 3745 336 3792 ilhehad
347 3744 408 3792 been
419 3745 444 3790 in
455 3744 671 3800 health,ilhehad
682 3744 742 3792 been
754 3745 802 3792 dis·
835 3745 887 3791 fieri
901 3744 1029 3804 jubebat.”
1062 3745 1113 3792 But
1124 3746 1173 3793 this
1189 3746 1211 3792 la
1226 3746 1420 3807 nothingtothe

219 3809 333 3870 charging
348 3809 386 3856 his
402 3809 470 3856 usual
486 3809 615 3866 meoticas,
634 3807 738 3855 lithere
755 3807 802 3855 had
835 3821 948 3868 purpose.
982 3809 1007 3855 lt
1017 3808 1038 3854 is
1048 3809 1253 3855 adilt'srentlrind
1263 3809 1291 3856 of
1299 3815 1420 3856 sentence.

219 3873 281 3920 been
292 3871 388 3933 nobody
403 3877 430 3919 to
445 3872 524 3920 relase
539 3873 620 3933 giving
630 3873 741 3934 samby,
753 3871 801 3918 aud
834 3869 961 3917 Pacciolati
971 3871 1041 3931 again
1051 3885 1106 3932 says
1116 3871 1170 3918 that
1177 3873 1223 3917 itis
1231 3871 1421 3918 notIatiurrith

219 3937 345 3997 willingto
362 3936 432 3983 abide
448 3935 480 3997 by
498 3936 540 3983 the
554 3935 708 3996 J‘udgmsnt”
741 3935 801 3982 'l'his
835 3932 973 3995 ‘qmnffoe
982 3948 1018 3980 we
1028 3940 1117 3980 oeuuot
1127 3949 1169 3995 say
1180 3935 1421 3982 ‘sinemorecusaret

217 4001 265 4048 last
272 4005 327 4061 part
337 4000 496 4048 issomewhat
503 3999 621 4061 strangely
630 3997 758 4061 axpmsed
769 3999 802 4060 by
834 3999 893 4060 quin
904 3996 1019 4043 ntisdars
1035 3996 1124 4052 'ellat'
1142 3997 1189 4043 but
1201 4011 1238 4042 we
1248 4003 1314 4043 must
1323 4011 1366 4056 say
1385 3998 1422 4046 ‘sl

217 4066 337 4111 ‘deamo
348 4068 475 4120 maret,
487 4062 540 4110 &cl
833 4060 1096 4120 nemorecusaretqniu
1108 4059 1256 4115 satisdam'
1267 4060 1421 4107 whichiser.

251 4129 302 4175 But
319 4128 387 4174 there
405 4143 446 4174 are
464 4124 585 4186 exemplos
601 4125 629 4172 ol
644 4125 694 4174 this
715 4139 758 4173 uss
776 4125 805 4173 οἰ
833 4123 969 4184 actlyrrhst
977 4123 1061 4170 Cicero
1068 4123 1127 4169 does
1134 4137 1184 4183 say.
1195 4123 1299 4170 The⁴et
1304 4124 1422 4182 judicium

219 4197 304 4239 ‘nemo
312 4191 331 4250 ς’
348 4191 396 4238 aud
407 4205 453 4239 one
463 4190 489 4236 in
501 4190 610 4236 Horace:
836 4189 944 4248 accipere
953 4187 1040 4234 vellet'
1051 4187 1142 4233 follows
1151 4187 1203 4246 Just
1213 4186 1262 4233 like
1273 4187 1384 4234 ‘laudet’
1395 4189 1421 4236 in

836 4253 880 4299 the
890 4265 989 4312 passage
1004 4251 1033 4297 ol
1048 4251 1144 4296 Horace
1160 4249 1237 4296 which
1251 4252 1272 4296 is
1288 4252 1378 4312 quoted
1388 4252 1422 4314 by

220 4325 235 4348 “
249 4319 298 4372 Qui
311 4320 340 4366 nt
350 4318 479 4366 Maecenas
490 4321 519 4364 ut
529 4329 600 4364 nemo
615 4329 688 4378 qaam
699 4315 744 4364 sibi
753 4329 804 4363 sor·
836 4316 971 4370 Manutius,
982 4315 1036 4360 who
1050 4313 1177 4375 explained
1191 4313 1233 4360 the
1249 4315 1350 4361 ‘nemo'
1368 4331 1421 4363 cor.

317 4388 367 4430 tem
835 4379 919 4438 rectly,
937 4378 1030 4438 though
1050 4378 1081 4424 he
1097 4378 1154 4424 read
1172 4376 1247 4439 ‘qui’
1284 4379 1335 4426 But
1351 4379 1373 4426 if
1386 4395 1422 4428 we

254 4447 374 4494 Senratio
386 4445 485 4502 dederit,
497 4441 787 4503 wulomobjecerit,illa
836 4443 899 4489 have
916 4441 986 4502 'qul’
1004 4442 1031 4487 in
1049 4441 1098 4489 this
1116 4455 1223 4504 passage,
1244 4443 1266 4490 it
1285 4443 1307 4491 ia
1327 4443 1423 4492 neither

252 4510 476 4634 Conantesffipst,
495 4507 578 4555 laudet
593 4507 686 4634 pirasse
703 4519 805 4568 sequen-
838 4505 912 4554 latin
921 4519 968 4553 nor
977 4519 1054 4554 sensa

318 4573 388 4622 tes?'
445 4573 494 4621 Sat.
506 4572 523 4620 i.
537 4573 559 4620 1.
573 4573 594 4619 l.
