3517 5325
338 479 408 544 ³60
659 475 794 542 ORAT.
818 479 911 541 Puo
933 480 977 543 A.
1001 473 1240 543 OLUENTIO

343 645 430 712 omni
455 647 522 712 vita
545 645 637 712 nobis
665 648 736 728 erit,
761 647 829 714 sine
858 648 921 713 ullo
949 655 1038 714 metu
1067 656 1101 714 et
1137 671 1260 714 summa
1282 669 1356 713 cum
1377 648 1554 713 honestate

339 733 494 812 vivemus.
554 745 646 811 Haec
682 746 710 811 si
741 747 779 811 T.
810 747 925 812 Attius
952 756 1011 813 aut
1043 747 1246 834 cognovisset
1274 755 1333 812 aut
1360 747 1551 833 cogitasset,

344 845 487 930 proiecto
512 864 552 907 ne
577 851 712 910 conatus
739 845 865 930 quidem
892 854 978 911 esset
999 845 1113 923 dicere,
1139 845 1173 910 id
1198 846 1283 932 quod
1312 844 1422 909 multis
1445 843 1553 908 verbis

344 941 419 1026 egit,
448 941 587 1026 judicem
612 943 695 1030 quod
723 943 751 1007 ei
780 943 927 1007 videatur
950 951 1095 1009 statuere
1125 951 1160 1008 st
1182 966 1245 1008 non
1269 942 1452 1007 devinctum
1471 941 1552 1026 legi-

344 1039 406 1102 bus
421 1059 491 1102 esse
514 1047 670 1125 oportere.
716 1039 838 1121 Quibus
860 1041 900 1103 de
922 1043 1018 1106 rebus
1035 1042 1112 1106 mihi
1137 1063 1195 1128 pro
1221 1041 1360 1107 Oiueutii
1383 1040 1551 1104 voluntate

344 1137 485 1216 nimium,
502 1159 560 1222 pro
575 1138 621 1202 rei
637 1139 794 1225 dignitate
813 1161 936 1225 parum,
952 1163 1011 1226 pro
1027 1148 1134 1204 vestra
1148 1141 1316 1226 prudentia
1329 1139 1410 1204 satis
1430 1138 1551 1202 dixisse

343 1233 462 1299 videor.
519 1233 654 1323 Reliqua
682 1259 840 1322 perpauca
869 1244 955 1315 suut,
987 1259 1068 1323 quae
1097 1239 1172 1324 quia
1199 1245 1324 1302 vestras
1353 1235 1551 1323 quaestionis

345 1339 445 1408 erant,
473 1330 591 1396 idcirco
618 1333 661 1396 illi
688 1342 873 1402 statuerunt
888 1336 1038 1421 lingenda
1060 1357 1130 1400 esse
1153 1335 1214 1399 sibi
1236 1343 1270 1400 et
1293 1335 1492 1420 proferenda,
1508 1354 1549 1396 ne

345 1427 486 1492 omnium
500 1429 675 1516 turpissimi
690 1435 913 1519 reperirentur,
930 1433 1000 1497 siin
1012 1433 1167 1518 judicium
1175 1433 1253 1496 nihil
1261 1441 1388 1519 praeter
1398 1431 1549 1495 invidiam

342 1525 538 1592 attulissent.
572 1527 669 1593 LIX.
693 1531 803 1617 Atque
820 1539 856 1597 ut
871 1530 1063 1596 existimetis
1077 1553 1129 1594 me
1143 1531 1371 1594 necessarioris
1382 1529 1431 1593 his
1439 1531 1545 1608 rebus,

344 1622 385 1686 de
412 1623 526 1708 quibus
548 1625 617 1710 jam
642 1627 783 1707 dixerim,
800 1630 942 1715 pluribus
967 1628 1071 1714 egisse
1094 1628 1206 1707 verbis,
1233 1628 1392 1693 attendite
1414 1627 1545 1711 reliqua.

346 1719 499 1785 Profecto
514 1722 699 1810 intelligetis
718 1749 851 1814 eaquae
877 1727 988 1814 paucis
1012 1726 1223 1791 demonstrari
1245 1725 1409 1812 potuerint
1427 1724 1547 1788 brevis·

344 1817 424 1882 sime
440 1839 510 1882 esse
526 1820 663 1885 defensa.

390 1915 447 1980 On.
476 1915 611 1981 Decidio
632 1918 777 1996 Samniti,
802 1921 831 1985 ei
854 1921 907 2008 qui
931 1922 1128 2009 proscriptus
1150 1929 1210 2000 est,
1235 1920 1382 2006 injuriam
1405 1920 1438 1984 in
1463 1919 1544 1983 cala·

344 2012 463 2076 mitate
478 2013 548 2097 ejus
572 2015 613 2078 ab
639 2016 733 2100 hujus
756 2018 873 2083 familia
898 2021 1018 2085 iactam
1043 2043 1113 2084 esse
1139 2020 1274 2084 dixistis.
1319 2019 1375 2082 Ab
1395 2017 1480 2082 nullo
1494 2016 1544 2080 ille

348 2109 510 2174 liberalius
525 2133 620 2196 quam
634 2136 654 2178 a
670 2115 815 2181 Cluentio
831 2124 990 2184 tractatus
1004 2127 1064 2185 est.
1095 2119 1202 2204 Hujus
1216 2119 1303 2183 illum
1317 2140 1396 2204 opes
1409 2118 1442 2181 in
1451 2117 1545 2182 rebus

347 2207 418 2292 ejus
433 2207 728 2277 incommodissimis
736 2214 951 2280 sublevamnt.
996 2216 1106 2302 Atque
1119 2216 1180 2281 hoc
1194 2239 1289 2302 quum
1303 2216 1381 2301 ipse,
1396 2224 1465 2281 tum
1476 2215 1545 2299 ejus

347 2305 441 2370 amici
456 2309 684 2395 necessariique
699 2333 809 2376 omnes
821 2320 1010 2398 cognorunt.
1034 2314 1187 2379 Ancharii
1198 2323 1233 2380 et
1241 2314 1357 2384 Paceni
1366 2314 1545 2400 pastoribus

349 2403 445 2489 hujus
461 2405 583 2470 villicos
598 2408 661 2472 vim
676 2416 710 2474 et
723 2431 835 2476 manus
850 2413 1006 2477 attulisse.
1052 2412 1157 2492 Quum
1172 2414 1325 2499 quaedam
1344 2413 1377 2476 in
1403 2411 1542 2484 collibus,

350 2511 389 2567 ut
403 2503 493 2582 solet,
511 2507 726 2571 controversia
740 2518 903 2594 pastorum
917 2517 1003 2574 esset
1017 2518 1098 2587 orta,
1110 2510 1225 2576 Habiti
1240 2510 1331 2574 villici
1345 2532 1413 2573 rem
1428 2509 1544 2572 domini

345 2606 378 2665 et
403 2601 558 2686 privatam
584 2606 817 2690 possessionem
840 2607 1059 2673 defenderunt.
1105 2609 1210 2689 Quum
1228 2616 1314 2674 esset
1332 2607 1543 2695 expostulatio

348 2698 445 2777 iacta,
472 2722 586 2766 caussa
609 2702 669 2768 illis
695 2706 923 2782 demonstrata,
949 2707 1018 2771 sine
1037 2707 1157 2791 judicio
1183 2708 1459 2792 controversiaque
1483 2705 1543 2769 dis

347 2817 472 2861 cessum
498 2800 643 2866 est—P.
671 2803 756 2867 Aelii
780 2811 976 2869 testamento
998 2804 1193 2890 propinquus
1215 2806 1426 2869 exheredatus
1449 2826 1544 2890 quum

343 2903 440 2974 esset,
457 2896 549 2961 heres
574 2898 625 2962 hic
651 2900 781 2965 alienior
807 2902 974 2968 institutus
997 2902 1142 2967 est-P.
1165 2903 1276 2967 Aelius
1294 2902 1409 2967 Habiti
1431 2902 1542 2966 merito

344 2991 440 3067 lecit3
466 3016 567 3081 neque
577 2995 628 3059 hic
643 2996 675 3059 in
690 3004 885 3064 testamento
896 2999 1040 3063 iaciendo
1051 3000 1204 3076 interfuit,
1217 3000 1310 3086 idque
1318 3008 1544 3065 testamentum

343 3090 386 3155 ab
409 3090 504 3175 hujus
529 3092 656 3159 inimico
687 3095 862 3181 Oppianico
886 3106 937 3161 est
959 3098 1314 3184 obsignatum—Floro
1335 3098 1477 3185 legatum
1503 3118 1543 3161 ex

373 3326 422 3373 pro
434 3314 471 3360 rei
482 3314 614 3378 diffututa]
633 3316 686 3365 The
701 3318 800 3382 reading
818 3320 846 3369 οἰ
859 3321 885 3371 S.
897 3320 928 3370 T.
993 3322 1089 3372 Servius
1105 3338 1173 3386 says:
1189 3327 1206 3353 “
1216 3324 1291 3373 Gaiia'r
1302 3327 1340 3372 est
1355 3325 1441 3373 semita
1450 3325 1544 3373 mmor

339 3374 393 3422 The
412 3376 481 3451 other
500 3379 599 3441 reading
618 3382 667 3428 ‘rei
684 3382 809 3445 publicae'
828 3386 849 3435 is
871 3401 928 3449 pro·
960 3387 1020 3435 milo
1037 3403 1150 3450 pecorum
1166 3389 1333 3452 praedurat&
1368 3390 1543 3438 Schneidch

343 3439 410 3500 periy
421 3442 523 3501 rejected
534 3442 690 3505 bythelater
700 3448 796 3497 editors.
960 3450 1008 3499 fers
1024 3453 1075 3500 also
1092 3458 1118 3501 to
1136 3468 1152 3501 a
1169 3468 1269 3515 psasage
1287 3454 1316 3501 of
1331 3454 1413 3502 lustin
1430 3455 1496 3517 (xliv.
1515 3453 1542 3518 4)

354 3566 359 3579 Ι
377 3504 416 3551 aa.
429 3505 550 3569 militm]
565 3508 661 3557 Ernesti
669 3512 758 3561 altered
769 3514 928 3564 thisto‘eai-
960 3516 1038 3563 which
1056 3517 1082 3565 ia
1097 3532 1156 3579 very
1173 3518 1249 3566 dearr
1277 3523 1293 3547 ‘⁶
1304 3519 1460 3567 Postmodum
1481 3519 1544 3566 hunc

343 3564 430 3625 irbus3'
447 3566 636 3643 bqt⁴coiiibus'
646 3575 667 3622 is
679 3576 721 3625 tire
737 3578 810 3627 MSS.
821 3580 928 3643 reading.
960 3580 1060 3628 domum
1076 3582 1179 3630 relatrrm
1197 3584 1224 3629 in
1245 3583 1328 3631 (aliern
1346 3589 1483 3645 angam,
1502 3597 1544 3645 pu

343 3629 393 3677 Yet
410 3632 538 3709 ‘callibus'
556 3638 651 3699 maybe
667 3641 739 3703 right.
773 3643 862 3703 Baiter,
874 3646 929 3693 vrbo
960 3660 1033 3707 quem
1044 3651 1152 3695 umento
1161 3656 1544 3711 commeareconsuererantpm·

342 3695 386 3743 has
404 3697 536 3757 ‘uolutus'
553 3702 627 3751 refers
644 3707 670 3751 to
680 3706 765 3765 Varro,
780 3708 810 3756 R.
823 3709 853 3757 R.
865 3710 890 3758 ii.
902 3714 927 3759 a.
957 3709 1000 3771 jiu'
1007 3710 1105 3771 juseit”

345 3761 389 3819 lo;
401 3764 425 3811 9.
437 3763 474 3821 lo,
483 3764 531 3811 and
540 3766 690 3817 Schneider’s
699 3776 775 3819 notas.
798 3773 928 3823 Schneider
992 3774 1018 3822 lt
1027 3775 1085 3824 does
1095 3781 1139 3824 not
1148 3790 1238 3839 uppem
1244 3776 1309 3826 rrbat
1318 3776 1362 3825 tire
1372 3778 1481 3840 ‘privata
1490 3790 1544 3839 poe·

341 3826 450 3887 erplaiua
471 3829 571 3878 ’σώσει’
592 3837 618 3880 to
640 3834 671 3882 bs
699 3837 821 3886 ¹·woodcd
847 3841 927 3903 placas
960 3838 1054 3887 sessio'
1070 3840 1546 3905 is,bntitmsybetheepaoemigned

342 3889 421 3939 where
439 3892 482 3941 tho
500 3896 572 3943 cattle
593 3897 646 3945 laed
665 3914 692 3947 as
710 3900 768 3965 they
785 3918 826 3951 ars
844 3904 928 3954 driven
960 3907 987 3951 to
1004 3904 1119 3969 Habitur'
1132 3906 1207 3953 liocka
1224 3922 1257 3954 on
1272 3906 1546 3969 thepastmmonnds.

341 3954 448 4019 through
466 3958 533 4007 dem
552 3965 579 4008 to
597 3962 639 4010 the
658 3962 748 4014 distant
769 3968 854 4017 winter
871 3984 927 4031 pac·
960 3968 1046 4017 ‘Illis’
1061 3984 1103 4018 are
1121 3970 1255 4018 aarum
1267 3972 1320 4019 aud
1339 3972 1454 4021 Pasanda.
1493 3972 1547 4021 'ibe

342 4022 434 4069 rusesr'
470 4022 510 4071 lie
528 4026 602 4074 refers
620 4032 647 4075 to
664 4028 756 4089 Cicero,
774 4032 821 4081 Pro
839 4033 930 4094 Sextio,
962 4046 1034 4081 cause
1051 4034 1079 4081 of
1094 4034 1136 4083 tire
1152 4036 1247 4097 quarrel
1264 4050 1352 4098 among
1362 4038 1406 4085 the
1415 4036 1546 4100 chopherdn

342 4099 364 4131 c.
378 4088 402 4133 t.
435 4090 451 4114 “
462 4086 547 4137 Italiae
563 4091 635 4139 calles
651 4098 724 4161 atque
743 4102 865 4158 pastorum
880 4104 930 4147 ata-
962 4112 1011 4145 was
1021 4099 1145 4161 explained
1156 4108 1182 4147 to
1192 4100 1268 4157 thena
1279 4100 1327 4148 aad
1337 4102 1396 4164 they
1405 4117 1468 4150 vere
1477 4102 1547 4149 ntis·

342 4148 431 4207 bula;”
438 4152 495 4199 -and
510 4157 536 4200 to
549 4154 647 4204 Sueton.
660 4158 754 4208 Cacsar.
767 4176 787 4209 c.
802 4164 840 4223 19,
851 4164 930 4212 where
961 4162 1015 4209 ded
1049 4162 1099 4212 But
1109 4153 1174 4213 rrhat
1188 4164 1232 4213 hae
1248 4165 1281 4213 all
1296 4166 1345 4214 this
1355 4171 1383 4214 to
1393 4166 1425 4214 do
1436 4167 1494 4215 rrith
1504 4166 1547 4214 the

343 4214 431 4262 ‘silvae
442 4216 574 4280 milesque'
588 4236 679 4270 occurs
712 4224 792 4274 There
808 4227 828 4275 ia
844 4228 928 4276 adefi-
960 4228 1065 4275 mtttcr?

341 4266 419 4326 nition
430 4279 463 4343 by
475 4280 571 4332 Servius
582 4283 678 4349 (virgil,
690 4287 753 4337 Aen.
764 4290 796 4339 iv.
810 4291 884 4355 roo)=
993 4292 1112 4354 repam]
1124 4292 1229 4341 Habitus
1237 4308 1285 4341 rm
1292 4294 1337 4342 icit
1345 4298 1352 4322 ⁴
1360 4294 1446 4352 Μ’
1457 4294 1505 4343 and
1515 4295 1547 4343 he

458 4382 463 4395 '
959 4354 1548 4483 fflffxfflvitffiilhi‘iqndiffl

958 4484 1047 4533 known
1057 4487 1180 4535 somehorr
1190 4488 1245 4535 that
1259 4488 1280 4535 it
1289 4488 1367 4549 ought
1376 4494 1403 4537 to
1413 4488 1475 4536 inre
1485 4489 1548 4537 beau

959 4562 1007 4598 ccc
1025 4551 1152 4615 according
1172 4556 1198 4601 tc
1216 4552 1259 4602 tire
1277 4551 1399 4603 tertatcr'a
1416 4554 1546 4603 mundos.
