3517 5325
620 490 842 557 AMERINO
873 490 975 557 GAP.
1000 496 1094 555 2-5.
1316 490 1319 497 ’
1413 498 1454 560 59

251 666 403 729 dimento.
450 662 525 727 Huc
539 662 665 728 accedit
679 684 820 727 summus
834 662 940 741 timor,
957 684 1052 748 quem
1066 662 1144 727 mihi
1158 670 1273 728 natura
1289 664 1456 749 pudorque

251 785 342 827 meus
353 760 510 840 attribuit,
524 768 558 826 et
569 768 678 825 restra
688 760 829 848 dignitas
840 768 874 826 et
886 761 935 825 vis
944 761 1196 825 adversariorum
1211 767 1246 825 et
1260 760 1333 826 Sex.
1348 758 1456 826 Roscii

252 860 402 947 pericula.
449 859 650 944 Quapropter
668 880 725 923 vos
745 880 801 923 oro
825 866 922 944 atque
945 859 1088 936 obsecro,
1110 859 1245 943 judices
1269 867 1308 923 ut
1329 866 1458 924 attente

252 960 400 1044 bonaque
416 978 488 1021 eum
503 956 595 1021 venia
611 958 709 1021 rerba
727 978 798 1021 mea
818 956 966 1021 audiatis.
1013 956 1095 1021 Fide
1115 957 1336 1043 sapientiaque
1350 963 1458 1021 vestra

252 1060 357 1123 fretus
370 1055 440 1141 plus
456 1054 562 1119 oneris
576 1054 691 1119 sustuli
707 1074 801 1141 quam
816 1056 899 1119 ferre
913 1076 964 1119 me
979 1074 1072 1139 posse
1087 1054 1240 1141 intelligo.
1287 1054 1362 1119 Hoc
1377 1074 1458 1119 ouua

254 1156 282 1219 si
297 1174 352 1218 vos
363 1152 469 1238 aliqua
479 1174 520 1216 ex
535 1160 627 1237 parte
641 1152 826 1231 allevabitis,
839 1152 940 1215 ieram
954 1158 992 1215 ut
1004 1158 1116 1236 potero
1126 1152 1236 1216 studio
1245 1157 1279 1215 et
1289 1151 1456 1231 industria,

251 1252 394 1339 judices:
419 1248 469 1313 siu
483 1272 504 1313 a
519 1250 614 1316 vobis,
624 1249 655 1314 id
676 1250 760 1335 quod
780 1272 845 1313 non
866 1270 959 1334 spero
982 1249 1121 1326 deserar,
1140 1256 1247 1313 tamen
1265 1249 1371 1313 auimo
1394 1270 1459 1313 non

255 1348 399 1415 deficiam
413 1356 447 1412 et
461 1348 494 1411 id
513 1348 599 1433 quod
618 1348 745 1432 suscepi
764 1347 869 1433 quoad
891 1354 1004 1432 potero
1022 1347 1189 1432 perieram.
1234 1346 1329 1428 Quod
1345 1347 1373 1411 si
1388 1368 1458 1432 per·

255 1448 337 1511 serre
351 1466 415 1521 non
429 1451 551 1530 potero,
567 1446 701 1531 opprimi
719 1464 770 1508 me
792 1464 889 1509 onere
908 1444 1004 1507 officii
1023 1444 1107 1508 malo
1121 1464 1216 1529 quam
1230 1444 1263 1507 id
1282 1444 1367 1529 quod
1380 1442 1458 1508 mihi

256 1566 328 1609 eum
347 1542 410 1607 fide
427 1543 525 1607 semel
545 1543 729 1629 impositum
746 1550 797 1607 est
819 1550 878 1607 aut
900 1548 1031 1628 propter
1053 1542 1219 1627 perfidiam
1241 1543 1380 1627 abjicere
1402 1549 1460 1606 aut

254 1648 385 1727 propter
407 1640 624 1705 infirmitatem
650 1640 747 1704 animi
770 1641 938 1725 deponere.
984 1640 1032 1703 Te
1057 1660 1183 1725 quoque
1206 1660 1325 1726 magno
1350 1660 1456 1725 opere,

258 1740 308 1803 M.
325 1738 437 1817 Fanni,
455 1758 573 1824 quaeso
596 1745 641 1817 ut,
659 1739 783 1823 qualem
800 1745 834 1802 te
848 1738 917 1823 jem
939 1745 1036 1802 antea
1059 1738 1178 1824 populo
1198 1737 1345 1801 Romano
1369 1758 1459 1822 prae·

257 1837 364 1912 buisti,
395 1858 492 1921 quum
520 1835 594 1900 huic
620 1836 703 1901 idem
727 1835 905 1921 quaestioni
928 1836 1030 1920 judex
1053 1856 1227 1921 praeesses,
1251 1835 1349 1899 talem
1371 1843 1406 1899 te
1425 1842 1459 1899 et

257 1934 350 1998 nobis
366 1941 399 1998 et
415 1933 529 2019 populo
545 1932 690 1997 Romano
705 1934 766 1997 hoc
780 1940 925 2018 tempore
945 1932 1118 2018 impertias.
1165 1931 1207 1997 V.
1232 1934 1361 2014 Quanta
1380 1933 1460 1996 mal-

257 2030 363 2096 titudo
374 2030 535 2095 hominum
547 2031 730 2095 convenerit
740 2031 782 2094 ad
796 2032 858 2095 hoc
870 2028 1027 2115 judicium
1037 2031 1145 2096 rides:
1169 2052 1250 2117 quae
1265 2032 1310 2095 sit
1320 2030 1461 2095 omnium
1556 2063 1559 2074 ·

259 2128 438 2193 mortalium
463 2128 671 2214 exspectatio,
697 2150 778 2213 quse
797 2128 955 2213 cupiditas
977 2136 1015 2193 ut
1037 2128 1124 2193 aeria
1146 2150 1184 2213 ac
1207 2150 1319 2193 severa
1340 2127 1461 2213 judicia

258 2228 347 2303 fiant,
361 2224 521 2311 intelligis.
560 2226 673 2310 Longo
683 2225 847 2291 intervallo
855 2225 1009 2309 judicium
1017 2226 1101 2289 inter
1111 2225 1243 2289 sicarios
1253 2226 1314 2289 hoc
1325 2226 1461 2310 primum

259 2324 478 2399 committitur,
489 2344 587 2409 quum
602 2323 724 2387 interea
739 2324 854 2387 caedes
868 2323 1105 2408 indignissimae
1123 2323 1342 2408 maximaeque
1354 2324 1461 2387 saetae

259 2422 333 2487 sint.
380 2423 500 2487 Omnes
514 2422 595 2484 hanc
610 2419 828 2505 quaestionem
842 2428 877 2485 te
891 2428 1041 2505 praetore
1055 2422 1094 2485 de
1108 2420 1286 2484 manifestis
1300 2420 1462 2483 maleficiis

260 2520 506 2605 quotidianoque
521 2520 674 2605 sanguine
693 2514 778 2582 haud
801 2518 966 2582 remissius
985 2524 1115 2603 sperant
1129 2518 1279 2581 futuram.
1325 2517 1396 2597 Qua
1408 2538 1462 2582 ro·

260 2616 446 2683 cileratione
461 2618 494 2680 in
514 2616 630 2680 ceteris
649 2614 778 2701 judiciis
802 2622 1009 2680 accusatores
1027 2615 1076 2680 uti
1094 2622 1336 2702 consuevemnt
1352 2636 1390 2680 ea
1403 2636 1463 2680 nos

259 2717 322 2780 hoc
344 2727 488 2800 ternpore
511 2714 633 2778 utimur
655 2715 709 2799 qui
733 2733 878 2777 caussam
903 2713 1047 2777 dicimus.
1094 2712 1239 2777 Petimus
1263 2715 1323 2777 abs
1343 2721 1386 2791 te,
1413 2714 1462 2778 M.

263 2813 378 2889 Fanni,
394 2833 413 2875 a
431 2811 591 2896 vobisque,
605 2811 739 2895 judices,
758 2819 796 2875 ut
818 2831 913 2896 quarn
932 2810 1087 2874 acerrime
1109 2811 1265 2876 maleficia
1286 2811 1461 2887 vindicetis,

261 2917 301 2974 ut
312 2929 406 2996 quam
414 2907 586 2972 fortissime
595 2907 775 2972 hominibus
783 2907 1001 2975 audacissimis
1009 2908 1176 2987 resistatis,
1186 2918 1224 2972 ut
1233 2911 1293 2973 hoc
1302 2909 1461 2995 com'tetis,

262 3005 322 3070 nisi
338 3007 370 3070 in
390 3008 450 3070 hac
474 3025 587 3070 caussa
610 3005 785 3091 quireeter
808 3005 933 3069 animus
947 3005 990 3068 sit
1004 3007 1191 3083 ostendetis,
1206 3029 1245 3071 eo
1259 3026 1464 3093 prorumpere

262 3105 426 3169 hominum
449 3101 660 3189 cupiditatem
682 3111 716 3168 et
741 3103 844 3167 scelus
867 3109 903 3167 et
923 3102 1088 3167 audaciam
1107 3110 1146 3167 ut
1165 3125 1229 3168 non
1253 3106 1349 3169 modo
1371 3105 1461 3182 clam,

262 3201 484 3267 verumetiam
505 3200 557 3265 hic
572 3201 604 3264 in
622 3201 691 3265 foro
711 3209 787 3266 ante
802 3201 941 3266 tribunal
956 3207 1057 3279 tuum,
1077 3202 1125 3264 M.
1143 3201 1256 3279 Fanni,
1272 3210 1349 3268 ante
1367 3203 1465 3288 pedes

262 3307 395 3378 vestros,
412 3299 546 3384 judices,
564 3299 648 3364 inter
665 3299 736 3385 ipsa
755 3299 905 3364 subsellia
927 3299 1043 3364 caedes
1065 3299 1192 3365 futurae
1214 3301 1289 3366 sint.
1334 3301 1465 3365 Etenim

297 3497 320 3545 4.
332 3509 419 3558 meso
428 3495 519 3558 opera]
533 3494 753 3559 ‘auimoopme'
764 3495 849 3545 Orelli.
882 3496 1009 3559 scriptione
1019 3495 1068 3544 aad
1081 3496 1120 3544 his
1133 3495 1251 3546 mamers
1284 3497 1311 3545 rt
1323 3511 1401 3546 mems
1411 3497 1466 3545 that

297 3561 334 3608 Μ.
353 3562 454 3624 Ferat]
489 3561 599 3623 Nothing
615 3562 636 3608 ia
653 3561 742 3609 known
761 3561 850 3608 cithia
882 3561 920 3608 for
938 3563 1078 3609 sometime
1093 3561 1162 3609 there
1177 3563 1225 3609 had
1241 3561 1303 3610 been
1319 3577 1352 3610 no
1369 3563 1466 3625 inquiry

266 3625 378 3684 Fanniae,
393 3625 449 3673 who
464 3639 512 3674 was
528 3641 583 3674 now
599 3631 702 3688 praetor.
741 3626 780 3673 He
799 3625 847 3673 had
879 3626 931 3674 into
941 3625 985 3673 the
995 3626 1112 3683 mordere,
1124 3627 1202 3674 which
1215 3641 1278 3674 nere
1288 3627 1428 3674 committed
1440 3633 1466 3673 at

264 3689 374 3752 presided
385 3691 410 3737 in
422 3691 464 3737 the
475 3695 555 3739 oourts
565 3689 648 3738 before
658 3705 684 3738 aa
692 3705 729 3738 we
739 3705 779 3738 are
790 3691 847 3737 herc
880 3689 966 3748 Rome,
980 3705 1047 3738 some
1063 3690 1093 3738 oi
1106 3691 1185 3738 which
1202 3691 1251 3738 had
1263 3691 1326 3738 been
1342 3691 1466 3738 doubtleaa

264 3755 324 3811 told.
336 3756 361 3801 in
372 3755 420 3802 like
431 3769 505 3802 casea.
538 3755 564 3804 It
576 3755 597 3802 ia
612 3755 662 3802 said
679 3755 732 3803 that
746 3755 815 3802 thera
827 3755 848 3800 ia
880 3755 1020 3802 committed
1027 3755 1091 3801 from
1099 3756 1404 3816 privaterevengeorlrom
1413 3756 1467 3801 love

265 3833 280 3866 a
292 3819 391 3880 rading
409 3825 415 3846 ⁴
424 3818 480 3868 hiric
494 3817 572 3869 eidem
589 3819 739 3882 quaestioni‚‘
751 3819 797 3866 but
812 3832 849 3866 we
880 3818 909 3865 ol
916 3819 980 3880 gain,
988 3819 1027 3866 tor
1036 3819 1106 3866 when
1116 3819 1159 3866 the
1169 3820 1273 3880 practice
1283 3819 1311 3865 ct
1319 3817 1468 3879 proscribing

266 3899 321 3945 may
332 3883 407 3946 asiely
419 3885 492 3944 reject
502 3885 528 3931 it.
562 3883 615 3930 The
628 3889 683 3931 true
695 3883 849 3946 explanation
881 3897 908 3929 or
919 3883 1060 3944 pattingup
1071 3883 1208 3929 thancmer
1219 3881 1247 3928 ol
1258 3895 1314 3928 men
1324 3881 1379 3928 who
1388 3881 1467 3942 might

266 3961 344 3996 seems
355 3954 381 3994 to
391 3947 423 3994 be
439 3949 494 3996 that
507 3947 612 3996 Fannius
626 3947 673 3995 had
684 3948 745 3996 been
763 3945 850 4008 *jadex
881 3945 914 3992 be
923 3946 996 3994 killed
1007 3959 1055 3992 war
1068 3959 1128 3992 onos
1142 3945 1296 4001 established,
1307 3946 1328 3991 it
1338 3946 1359 3992 is
1370 3959 1426 4006 easy
1440 3951 1466 3993 to

266 4012 426 4074 quaestionia'
455 4027 487 4060 on
511 4027 578 4060 roma
605 4012 694 4060 tormer
720 4013 849 4059 occasions.
883 4025 924 4058 see
936 4010 991 4056 that
1006 4010 1173 4056 mastica
1192 4009 1263 4057 could
1279 4009 1367 4072 always
1383 4009 1434 4056 find
1452 4025 1468 4056 a

265 4075 319 4124 The
329 4083 414 4124 natura
424 4077 453 4124 oi
460 4075 501 4124 the
512 4077 580 4124 office
587 4075 615 4122 oi
620 4076 662 4123 the
672 4081 679 4105 ⁸
684 4077 758 4138 judex
767 4089 851 4138 quaea-
882 4078 977 4137 pretsrt
987 4087 1016 4120 or
1025 4087 1119 4120 excuse.

266 4139 353 4188 tionis'
365 4139 520 4203 isexplained
531 4139 586 4187 Vol.
596 4139 617 4186 1:
626 4141 696 4188 Verr.
707 4142 731 4189 ii.
745 4143 766 4189 l.
779 4155 800 4186 c.
810 4141 850 4187 61.
917 4151 1026 4186 comm
1043 4137 1168 4198 dietmare]
1209 4137 1263 4184 'l'he
1280 4135 1365 4184 ‘reas’
1383 4151 1412 4184 or
1427 4151 1467 4184 ac·

265 4205 319 4252 ‘rue
330 4205 391 4252 form
403 4205 487 4268 ‘judex
499 4203 679 4266 quaestionum'
691 4219 774 4252 occurs
783 4205 810 4251 in
820 4219 852 4251 an
884 4203 988 4250 curedis
999 4202 1049 4249 said
1064 4205 1186 4249 ‘mamam
1197 4202 1274 4249 dicere
1281 4199 1300 4259 ς’
1317 4201 1364 4248 and
1383 4205 1467 4250 'socu-

266 4270 414 4332 inscription.
884 4267 951 4315 aara'
961 4268 983 4314 is
993 4266 1101 4328 opposed
1112 4273 1138 4313 to
1148 4267 1175 4313 it.
1210 4266 1271 4327 Livy
1283 4264 1357 4329 (xxix.
1371 4265 1413 4330 lo)
1423 4267 1467 4316 hsa

299 4339 323 4382 t.
341 4337 406 4382 later
415 4331 646 4395 acaria-caeder]
672 4331 755 4379 Cicero
766 4331 851 4394 speaks
885 4337 938 4379 “ex
948 4332 1048 4378 vineolis
1059 4345 1167 4378 aarum
1179 4329 1282 4378 dicere.''

266 4395 852 4520 ruenni:nemimem
884 4395 1467 4518 aa

267 4528 359 4590 history
365 4527 445 4575 ofthia
453 4527 602 4590 period‚tells
610 4541 639 4574 ua
645 4525 706 4574 siler
712 4526 750 4572 his
757 4516 867 4572 iashlon'
884 4525 962 4573 which
972 4524 1049 4573 Orelli
1059 4525 1110 4572 has.

267 4591 353 4653 (Sulla,
365 4607 386 4640 c.
398 4593 438 4651 ³1,
450 4591 506 4656 dre.)
515 4591 652 4653 something
662 4589 690 4638 of
698 4587 784 4638 Sulla'a
796 4603 852 4652 prc-
