3517 5325
302 475 364 536 100
614 470 749 538 ORAT.
773 471 864 537 PRO
897 470 1003 536 SEX.
1027 470 1192 537 ROSCIO

301 640 476 705 ornabitur.
522 640 694 706 XLVIII.
718 641 847 706 Etenim
868 642 922 728 qui
945 643 1024 706 haec
1039 643 1217 728 vituperare
1232 642 1350 720 volunt,
1368 643 1506 729 Chryso-

301 760 420 823 gonum
435 745 561 802 tantum
576 761 669 823 posse
692 748 889 825 queruntur3
915 740 969 825 qni
991 741 1118 804 laudare
1142 741 1259 820 volunt,
1277 762 1461 804 concessum
1476 741 1505 802 ei

204 861 207 868 ·
300 858 364 899 non
379 857 449 898 esse
464 843 722 900 commemorant.
769 837 820 900 Ao
832 838 900 920 jam
922 837 998 900 nihil
1014 838 1163 923 estquod
1185 837 1350 922 quisquam
1366 845 1506 902 auttam

299 933 418 996 stultus
431 939 489 996 aut
503 941 569 997 tarn
584 934 747 1018 improbus
761 935 804 998 sit
819 935 872 1018 qni
888 935 992 998 dicat:
1019 934 1144 997 Vellem
1159 934 1285 1018 quidem
1298 934 1426 997 liceret:
1445 933 1506 996 hoc

300 1028 469 1093 dixissem:
488 1029 685 1094 Dicaslicet.
720 1030 793 1094 Hoc
804 1027 967 1094 iecissem:
1002 1031 1218 1096 Faciaslicet:
1244 1030 1505 1115 nemoprohibet.

303 1126 377 1190 Hoc
393 1127 619 1191 decrevissem:
647 1127 801 1206 Decerne,
817 1129 914 1192 modo
931 1136 1029 1192 recto:
1053 1150 1162 1191 omnes
1176 1127 1407 1212 approbabunt.
1431 1126 1505 1190 Hoc

297 1223 509 1306 judicassem:
538 1224 713 1288 laudabunt
727 1245 846 1300 omnes,
867 1224 894 1287 si
918 1235 1005 1288 reete
1028 1232 1062 1288 et
1083 1224 1192 1288 ordine
1211 1223 1376 1308 judicaris.
1420 1222 1507 1285 Dum

301 1341 430 1384 necesse
445 1326 515 1383 erat
534 1342 648 1405 resque
667 1320 737 1404 ipsa
751 1322 895 1405 cogebat
914 1342 997 1384 nnus
1012 1320 1118 1384 omnia
1137 1329 1283 1405 poterat;
1312 1320 1365 1405 qui
1381 1327 1506 1404 postea·

303 1439 397 1502 quam
411 1417 619 1502 magistratus
634 1417 755 1482 creavit
769 1417 917 1504 legesque
932 1418 1107 1497 constituit,
1124 1440 1182 1482 sua
1196 1419 1309 1502 cuique
1323 1417 1506 1502 procuratio

302 1515 539 1600 auctoritasque
555 1522 605 1579 est
628 1517 790 1580 restituta.
855 1517 959 1596 Quam
981 1515 1009 1578 si
1031 1515 1166 1580 retinere
1189 1516 1300 1579 volunt
1315 1515 1336 1577 ii
1351 1514 1403 1600 qui
1419 1535 1506 1576 recn-

302 1621 465 1697 perarunt,
482 1613 514 1675 in
537 1621 731 1698 perpetuum
753 1621 905 1697 poterunt
927 1613 1079 1677 obtinere.
1126 1613 1182 1676 Sin
1204 1613 1262 1675 has
1278 1612 1392 1676 caedes
1407 1619 1442 1676 et
1457 1633 1507 1674 ra-

303 1710 394 1794 pinas
408 1717 442 1773 et
457 1710 515 1773 hos
531 1717 641 1774 tantos
655 1719 785 1794 tamque
800 1711 944 1794 profusos
960 1719 1106 1795 sumptus
1120 1717 1178 1773 aut
1191 1710 1309 1774 sacient
1323 1717 1380 1774 ant
1394 1731 1507 1793 appro-

304 1808 434 1885 babunt,
460 1806 533 1870 nolo
557 1807 590 1870 in
617 1828 672 1869 eos
698 1807 825 1891 gravius
851 1807 1021 1892 quidquam
1047 1829 1087 1870 ne
1111 1807 1224 1871 ominis
1247 1807 1373 1891 quidem
1396 1827 1506 1868 caussa

304 1903 430 1978 dicere;
455 1925 552 1966 unum
569 1903 629 1966 hoc
647 1903 736 1968 dico:
764 1905 866 1967 nostri
889 1905 943 1968 isti
965 1903 1095 1981 nobiles,
1119 1903 1179 1967 nisi
1201 1903 1369 1987 vigilantes
1384 1909 1418 1966 et
1433 1901 1507 1965 boni

303 2009 338 2065 et
352 2002 453 2064 fortes
467 2008 501 2064 et
516 2001 740 2064 misericordes
755 2009 857 2073 erunt,
880 2001 919 2064 iis
940 2001 1120 2065 hominibus
1142 2001 1174 2064 in
1189 2001 1304 2085 quibus
1319 2001 1398 2064 haec
1414 2007 1508 2063 erunt

303 2104 489 2162 ornamenta
514 2120 573 2161 sua
597 2099 774 2164 concedant
794 2120 923 2163 necesse
949 2107 1010 2163 est.
1056 2100 1258 2184 Quapropter
1280 2097 1427 2162 desinant
1451 2096 1508 2160 ali-

304 2195 429 2280 qnando
453 2195 557 2259 dicere
581 2196 663 2260 male
686 2195 822 2280 aliquem
847 2195 989 2260 locutum
1012 2218 1091 2273 esse,
1116 2197 1143 2259 si
1173 2196 1243 2282 quis
1268 2217 1340 2259 vere
1355 2215 1393 2258 ac
1409 2193 1508 2258 libere

305 2291 430 2354 locutus
459 2290 525 2366 sit;
552 2292 707 2361 ¹desinant
736 2315 826 2356 suam
856 2315 999 2358 caussam
1030 2316 1102 2358 cum
1132 2293 1340 2378 Chrysogono
1370 2313 1507 2356 commu-

305 2388 428 2452 nicare:
453 2388 610 2465 desinant,
626 2390 654 2453 si
677 2390 729 2454 ille
751 2391 856 2455 laesus
878 2391 932 2467 sit,
960 2392 1000 2455 de
1025 2413 1060 2454 se
1081 2390 1200 2475 aliquid
1223 2391 1403 2454 detractum
1426 2389 1508 2452 arbi-

303 2485 401 2549 trari:
426 2485 556 2550 videant
577 2509 617 2550 ne
640 2494 734 2574 turpe
755 2487 967 2573 miserumque
989 2487 1033 2553 sit
1054 2487 1179 2574 eosqui
1201 2494 1380 2572 equestrem
1405 2487 1508 2572 splen-

305 2584 416 2647 dorem
439 2583 507 2670 pati
535 2606 599 2647 non
625 2593 808 2670 potuerunt,
839 2585 922 2650 servi
951 2586 1132 2671 nequissimi
1156 2585 1404 2650 dominationem
1426 2585 1509 2648 l'erre

304 2703 409 2768 posse.
455 2681 544 2761 Quae
558 2683 686 2767 quidem
702 2683 886 2761 dominatio,
899 2684 1035 2768 judices,
1053 2684 1086 2747 in
1100 2684 1170 2747 aliis
1185 2684 1281 2747 rebus
1297 2690 1392 2747 antea
1405 2704 1509 2745 versa-

305 2780 410 2843 batur.
457 2779 550 2845 Nune
565 2802 639 2845 vero
655 2803 748 2865 quam
764 2783 846 2846 viam
868 2782 1015 2859 munitet,
1040 2782 1123 2867 quod
1145 2782 1207 2846 iter
1221 2780 1359 2856 affectet,
1375 2778 1506 2843 videtis:

305 2878 347 2940 ad
370 2877 473 2952 fidem,
500 2879 541 2941 ad
561 2879 794 2962 jusjurandum,
817 2879 858 2942 ad
882 2879 1004 2962 judicia
1029 2885 1146 2955 vestra,
1170 2880 1212 2943 ad
1238 2878 1270 2941 id
1297 2878 1382 2963 quod
1407 2878 1509 2940 solum

304 2997 403 3061 prope
426 2976 458 3038 in
481 2976 610 3040 civitate
634 2977 793 3040 sincerum
814 2985 1023 3061 sanctumque
1049 2984 1160 3041 restat.
1207 2975 1312 3040 Hisne
1327 2976 1424 3041 etiam
1438 2996 1509 3039 sese

305 3081 400 3159 putat
414 3072 531 3158 aliquid
546 3096 640 3157 posse
664 3072 899 3157 Chrysogonus,
929 3073 980 3137 hic
1003 3074 1101 3137 etiam
1125 3081 1240 3159 potens
1265 3096 1334 3138 esse
1349 3072 1435 3137 vulti
1480 3071 1508 3134 Ο

305 3192 373 3233 rem
384 3172 531 3233 miseram
541 3180 639 3255 atque
653 3170 800 3233 acerbam
815 3173 822 3232 !
870 3168 982 3253 Neque
997 3171 1190 3235 mehercules
1205 3172 1265 3235 hoc
1287 3171 1416 3255 indigne
1430 3170 1507 3245 lero,

305 3268 390 3350 quod
404 3289 514 3331 verear
528 3289 568 3331 ne
584 3268 660 3353 qnid
690 3266 813 3352 possit;
840 3288 948 3330 verum
964 3268 1049 3352 qnod
1074 3290 1171 3333 ausus
1194 3276 1253 3347 est,
1270 3270 1355 3353 qnod
1371 3266 1509 3352 speravit

306 3384 376 3425 sese
397 3364 483 3447 apud
507 3364 588 3427 tales
610 3364 696 3427 viros
724 3364 843 3448 aliquid
871 3364 913 3426 ad
944 3364 1113 3449 perniciem
1143 3386 1235 3450 posse
1265 3364 1451 3441 innocentis,
1477 3362 1510 3425 id

305 3459 411 3545 ipsum
425 3480 550 3543 queror.
596 3460 732 3524 XLIX.
757 3460 924 3526 Idcircone
938 3468 1126 3547 experrecta
1140 3459 1290 3525 nobilitas
1304 3461 1400 3524 armis
1414 3467 1509 3545 atque

341 3643 381 3690 ts.
406 3644 565 3703 seponatur
595 3645 698 3707 meant]
744 3645 804 3693 This
832 3646 854 3693 is
877 3660 893 3693 a
925 3646 1105 3708 thebodylrom
1112 3644 1191 3692 whom
1199 3644 1239 3691 the
1246 3642 1337 3705 judiees
1344 3656 1406 3691 were
1413 3644 1509 3699 chosen,

308 3720 420 3754 common
433 3708 527 3755 Roman
541 3710 678 3771 expressIon
689 3710 783 3772 applled
800 3715 826 3758 to
842 3710 893 3757 blm
925 3712 988 3758 until
1011 3710 1096 3759 Sulla's
1117 3710 1250 3769 legislstIon
1267 3722 1326 3769 gare
1342 3707 1384 3755 the
1400 3710 1467 3755 office
1484 3714 1511 3754 to

308 3770 363 3818 who
385 3772 454 3819 holds
470 3772 513 3820 the
534 3774 637 3830 comitis,
657 3774 704 3821 and
723 3774 828 3822 declares
850 3776 892 3821 the
924 3776 966 3823 the
977 3780 1092 3823 senators.
1127 3774 1220 3837 (Voti.
1232 3770 1458 3833 urrumtudioa.)

307 3836 430 3885 electione.
464 3837 489 3884 lt
498 3838 520 3885 is
530 3837 587 3885 bere
600 3838 650 3886 ssid
666 3839 694 3886 of
709 3839 738 3885 L.
749 3838 823 3896 Sulla,
839 3839 893 3886 who
957 3842 1022 3888 υἰαηι
1032 3838 1157 3899 meallen]
1194 3838 1233 3885 lle
1249 3852 1304 3884 uses
1319 3836 1383 3883 what
1398 3837 1419 3883 is
1435 3835 1510 3883 called

308 3902 370 3948 alter
388 3902 420 3949 he
441 3902 489 3949 had
510 3902 596 3951 settled
617 3903 705 3959 affairs,
727 3904 835 3951 restored
852 3903 894 3950 the
927 3904 970 3951 the
987 3902 1162 3965 frequentative
1179 3902 1241 3949 form
1258 3902 1286 3949 os
1301 3901 1343 3948 the
1362 3900 1433 3948 crude
1449 3900 1511 3946 form

308 3966 466 4014 constitution
482 3967 540 4013 with
559 3982 627 4015 some
645 3967 756 4028 changes.
789 3968 842 4015 Tne
859 3967 895 4014 ‘ii
928 3967 1026 4015 ‘munh’
1056 3964 1258 4027 ‘MunirerIam,'
1279 3964 1509 4019 ‘tobnildsroad,'

308 4030 892 4157 qpnffiffiffiqrpnama.
925 4031 1385 4143 w⁰tttthl⁰tttttttt³
1398 4028 1511 4155 {loll

340 4162 419 4206 nostri
428 4162 470 4207 isti
480 4160 592 4220 sotum]
604 4113 893 4207 gNovaristionismen·
926 4161 994 4208 Verr.
1006 4162 1031 4207 ii.
1043 4162 1067 4209 3.
1079 4176 1098 4207 c
1111 4160 1164 4223 68).
1189 4161 1262 4215 ‘lter,
1274 4161 1339 4206 viam
1352 4155 1511 4205 affectare'Is

308 4222 398 4279 tloned,
410 4224 455 4270 bnt
466 4224 479 4270 1
491 4237 595 4284 suppose
610 4224 665 4271 tbst
684 4223 788 4271 ‘posui’
807 4224 893 4271 should
926 4226 1026 4272 another
1042 4240 1154 4272 common
1173 4224 1266 4272 Roman
1283 4223 1426 4285 expression,
1443 4234 1469 4267 u
1485 4220 1512 4266 in

307 4285 339 4331 be
359 4285 467 4333 ‘rostri'
507 4287 754 4349 Ciceronasnotyet
773 4288 893 4335 ‘nobilia’
926 4289 1003 4350 Virgil
1019 4288 1118 4351 (Georg.
1129 4290 1161 4335 lv.
1172 4288 1244 4351 562),
1269 4288 1395 4348 ‘viamque
1416 4284 1514 4332 affectat

309 4349 349 4397 He
360 4350 429 4396 could
440 4350 549 4397 however
565 4366 607 4413 say
627 4352 730 4399 ‘nostri’
748 4353 775 4399 in
794 4368 809 4399 s
827 4368 894 4399 more
927 4354 1025 4417 Olympi
1034 4354 1049 4412 ;'
1066 4354 1114 4402 and
1125 4354 1151 4401 in
1160 4352 1274 4409 Terence,
1288 4352 1440 4399 flantem:-

306 4414 403 4475 general
411 4429 487 4471 sense,
498 4416 610 4477 meaning
617 4416 660 4464 the
669 4417 763 4464 Roman
775 4416 888 4465 ‘nobiles’

305 4478 433 4539 senenlly·
957 4482 1131 4531 “eddominas
1142 4482 1185 4545 qni
1195 4477 1408 4528 stlectsntrism⁹'

339 4548 473 4605 equestrem
482 4544 645 4609 splendorem]
664 4546 718 4595 'l'be
727 4546 820 4609 equites
828 4560 891 4595 wera
1342 4541 1378 4605 (ii.
1390 4544 1413 4589 2.
1426 4538 1480 4603 60).
