<?xml version="1.0" encoding="UTF-8"?>
<!DOCTYPE html PUBLIC "-//W3C//DTD XHTML 1.0 Transitional//EN"
    "http://www.w3.org/TR/xhtml1/DTD/xhtml1-transitional.dtd">
<html xmlns="http://www.w3.org/1999/xhtml" xml:lang="en" lang="en">
 <head>
  <title>
</title>
<meta http-equiv="Content-Type" content="text/html;charset=utf-8" />
  <meta name='ocr-system' content='tesseract 3.04.00' />
  <meta name='ocr-capabilities' content='ocr_page ocr_carea ocr_par ocr_line ocrx_word'/>
</head>
<body>
  <div class='ocr_page' id='page_1' title='image "./mtulliiciceroni02longgoog/mtulliiciceroni02longgoog_0222.png"; bbox 0 0 3517 5325; ppageno 0'>
   <div class='ocr_carea' id='block_1_1' title="bbox 680 468 1417 542">
    <p class='ocr_par' dir='ltr' id='par_1_1' title="bbox 680 468 1417 542">
     <span class='ocr_line' id='line_1_1' title="bbox 680 468 1417 542; baseline 0.011 -8"><span class='ocrx_word' id='word_1_1' title='bbox 680 468 782 536; x_wconf 73' lang='lat' dir='ltr'>OAP,</span> <span class='ocrx_word' id='word_1_2' title='bbox 806 473 943 536; x_wconf 80' lang='lat'>10-12.</span> <span class='ocrx_word' id='word_1_3' title='bbox 1356 479 1417 542; x_wconf 80' lang='lat'>211</span> 
     </span>
    </p>
   </div>
   <div class='ocr_carea' id='block_1_2' title="bbox 210 640 1421 2296">
    <p class='ocr_par' dir='ltr' id='par_1_2' title="bbox 210 640 1419 1218">
     <span class='ocr_line' id='line_1_2' title="bbox 217 640 1417 728; baseline 0.005 -22"><span class='ocrx_word' id='word_1_4' title='bbox 217 641 249 706; x_wconf 88' lang='lat' dir='ltr'><strong>N</strong></span> <span class='ocrx_word' id='word_1_5' title='bbox 250 664 292 706; x_wconf 87' lang='lat' dir='ltr'>on</span> <span class='ocrx_word' id='word_1_6' title='bbox 312 641 396 706; x_wconf 84' lang='lat' dir='ltr'>eninr</span> <span class='ocrx_word' id='word_1_7' title='bbox 411 647 446 706; x_wconf 92' lang='lat' dir='ltr'>te</span> <span class='ocrx_word' id='word_1_8' title='bbox 459 661 531 704; x_wconf 88' lang='lat' dir='ltr'>sum</span> <span class='ocrx_word' id='word_1_9' title='bbox 551 661 663 726; x_wconf 86' lang='lat' dir='ltr'>pessus</span> <span class='ocrx_word' id='word_1_10' title='bbox 684 640 716 704; x_wconf 93' lang='lat' dir='ltr'>in</span> <span class='ocrx_word' id='word_1_11' title='bbox 738 641 872 706; x_wconf 78' lang='lat' dir='ltr'>fundum</span> <span class='ocrx_word' id='word_1_12' title='bbox 894 641 1028 728; x_wconf 82' lang='lat' dir='ltr'><strong>ingredi,</strong></span> <span class='ocrx_word' id='word_1_13' title='bbox 1044 641 1101 706; x_wconf 87' lang='lat' dir='ltr'>sed</span> <span class='ocrx_word' id='word_1_14' title='bbox 1115 649 1257 710; x_wconf 86' lang='lat' dir='ltr'>armatos</span> <span class='ocrx_word' id='word_1_15' title='bbox 1271 644 1417 712; x_wconf 90' lang='lat' dir='ltr'>homines</span> 
     </span>
     <span class='ocr_line' id='line_1_3' title="bbox 215 738 1419 827; baseline 0.006 -23"><span class='ocrx_word' id='word_1_16' title='bbox 215 741 359 827; x_wconf 90' lang='lat' dir='ltr'>opposui,</span> <span class='ocrx_word' id='word_1_17' title='bbox 384 746 421 804; x_wconf 92' lang='lat' dir='ltr'>ut</span> <span class='ocrx_word' id='word_1_18' title='bbox 444 738 648 825; x_wconf 76' lang='lat' dir='ltr'>intelligeres,</span> <span class='ocrx_word' id='word_1_19' title='bbox 667 739 696 804; x_wconf 92' lang='lat' dir='ltr'>si</span> <span class='ocrx_word' id='word_1_20' title='bbox 718 739 752 803; x_wconf 93' lang='lat' dir='ltr'>in</span> <span class='ocrx_word' id='word_1_21' title='bbox 774 741 871 805; x_wconf 79' lang='lat' dir='ltr'>fundo</span> <span class='ocrx_word' id='word_1_22' title='bbox 896 741 1010 826; x_wconf 91' lang='lat' dir='ltr'>pedem</span> <span class='ocrx_word' id='word_1_23' title='bbox 1033 741 1204 826; x_wconf 78' lang='lat' dir='ltr'>posuisses,</span> <span class='ocrx_word' id='word_1_24' title='bbox 1223 745 1334 808; x_wconf 86' lang='lat' dir='ltr'>stetim</span> <span class='ocrx_word' id='word_1_25' title='bbox 1360 745 1419 810; x_wconf 88' lang='lat' dir='ltr'>tibi</span> 
     </span>
     <span class='ocr_line' id='line_1_4' title="bbox 216 837 1416 927; baseline 0 -21"><span class='ocrx_word' id='word_1_26' title='bbox 216 862 288 906; x_wconf 87' lang='lat' dir='ltr'>esse</span> <span class='ocrx_word' id='word_1_27' title='bbox 311 839 516 926; x_wconf 87' lang='lat' dir='ltr'>pereundum.</span> <span class='ocrx_word' id='word_1_28' title='bbox 573 837 658 918; x_wconf 74' lang='lat' dir='ltr'>Quid</span> <span class='ocrx_word' id='word_1_29' title='bbox 686 837 757 902; x_wconf 78' lang='lat' dir='ltr'>sisi</span> <span class='ocrx_word' id='word_1_30' title='bbox 789 838 894 924; x_wconf 84' lang='lat' dir='ltr'>isqui</span> <span class='ocrx_word' id='word_1_31' title='bbox 924 838 1020 903; x_wconf 89' lang='lat' dir='ltr'>armis</span> <span class='ocrx_word' id='word_1_32' title='bbox 1049 841 1248 924; x_wconf 86' lang='lat' dir='ltr'>perterritus,</span> <span class='ocrx_word' id='word_1_33' title='bbox 1277 843 1416 927; x_wconf 81' lang='lat' dir='ltr'>fugatus,</span> 
     </span>
     <span class='ocr_line' id='line_1_5' title="bbox 215 935 1418 1023; baseline 0.002 -21"><span class='ocrx_word' id='word_1_34' title='bbox 215 939 326 1023; x_wconf 89' lang='lat' dir='ltr'>pulsus</span> <span class='ocrx_word' id='word_1_35' title='bbox 347 945 408 1012; x_wconf 90' lang='lat' dir='ltr'>est,</span> <span class='ocrx_word' id='word_1_36' title='bbox 430 959 495 1000; x_wconf 89' lang='lat' dir='ltr'>non</span> <span class='ocrx_word' id='word_1_37' title='bbox 517 935 642 1000; x_wconf 87' lang='lat' dir='ltr'>videtur</span> <span class='ocrx_word' id='word_1_38' title='bbox 664 958 734 1001; x_wconf 89' lang='lat' dir='ltr'>esse</span> <span class='ocrx_word' id='word_1_39' title='bbox 758 936 927 1021; x_wconf 73' lang='lat' dir='ltr'>dejectus!</span> <span class='ocrx_word' id='word_1_40' title='bbox 974 935 1140 1002; x_wconf 73' lang='lat' dir='ltr'>Posterius</span> <span class='ocrx_word' id='word_1_41' title='bbox 1162 937 1201 1002; x_wconf 88' lang='lat' dir='ltr'>de</span> <span class='ocrx_word' id='word_1_42' title='bbox 1222 940 1319 1004; x_wconf 81' lang='lat' dir='ltr'>verbo</span> <span class='ocrx_word' id='word_1_43' title='bbox 1335 941 1418 1004; x_wconf 87' lang='lat' dir='ltr'>vide·</span> 
     </span>
     <span class='ocr_line' id='line_1_6' title="bbox 215 1033 1418 1122; baseline 0.003 -24"><span class='ocrx_word' id='word_1_44' title='bbox 215 1034 341 1100; x_wconf 86' lang='lat' dir='ltr'>bimus:</span> <span class='ocrx_word' id='word_1_45' title='bbox 364 1057 448 1098; x_wconf 91' lang='lat' dir='ltr'>nunc</span> <span class='ocrx_word' id='word_1_46' title='bbox 463 1055 530 1096; x_wconf 91' lang='lat' dir='ltr'>rem</span> <span class='ocrx_word' id='word_1_47' title='bbox 544 1033 644 1118; x_wconf 88' lang='lat' dir='ltr'>ipsam</span> <span class='ocrx_word' id='word_1_48' title='bbox 659 1055 813 1120; x_wconf 89' lang='lat' dir='ltr'>ponamus</span> <span class='ocrx_word' id='word_1_49' title='bbox 827 1056 923 1120; x_wconf 88' lang='lat' dir='ltr'>quam</span> <span class='ocrx_word' id='word_1_50' title='bbox 938 1034 982 1099; x_wconf 94' lang='lat' dir='ltr'>illi</span> <span class='ocrx_word' id='word_1_51' title='bbox 996 1057 1060 1100; x_wconf 90' lang='lat' dir='ltr'>non</span> <span class='ocrx_word' id='word_1_52' title='bbox 1081 1043 1210 1121; x_wconf 82' lang='lat' dir='ltr'>negant,</span> <span class='ocrx_word' id='word_1_53' title='bbox 1225 1043 1259 1102; x_wconf 89' lang='lat' dir='ltr'>et</span> <span class='ocrx_word' id='word_1_54' title='bbox 1280 1038 1350 1122; x_wconf 88' lang='lat' dir='ltr'>ejus</span> <span class='ocrx_word' id='word_1_55' title='bbox 1371 1037 1418 1102; x_wconf 87' lang='lat' dir='ltr'>rei</span> 
     </span>
     <span class='ocr_line' id='line_1_7' title="bbox 210 1133 717 1218; baseline -0.004 -20"><span class='ocrx_word' id='word_1_56' title='bbox 210 1133 268 1217; x_wconf 83' lang='lat' dir='ltr'>jus</span> <span class='ocrx_word' id='word_1_57' title='bbox 281 1133 504 1218; x_wconf 82' lang='lat' dir='ltr'>actionemque</span> <span class='ocrx_word' id='word_1_58' title='bbox 518 1153 717 1216; x_wconf 76' lang='lat' dir='ltr'>quaeramus.</span> 
     </span>
    </p>

    <p class='ocr_par' dir='ltr' id='par_1_3' title="bbox 214 1229 1421 2296">
     <span class='ocr_line' id='line_1_8' title="bbox 261 1229 1416 1319; baseline 0.002 -23"><span class='ocrx_word' id='word_1_59' title='bbox 261 1231 326 1296; x_wconf 87' lang='lat' dir='ltr'>Est</span> <span class='ocrx_word' id='word_1_60' title='bbox 339 1231 418 1296; x_wconf 87' lang='lat' dir='ltr'>haec</span> <span class='ocrx_word' id='word_1_61' title='bbox 432 1253 484 1295; x_wconf 90' lang='lat' dir='ltr'>res</span> <span class='ocrx_word' id='word_1_62' title='bbox 499 1230 614 1315; x_wconf 88' lang='lat' dir='ltr'>posita,</span> <span class='ocrx_word' id='word_1_63' title='bbox 624 1252 707 1316; x_wconf 93' lang='lat' dir='ltr'>quae</span> <span class='ocrx_word' id='word_1_64' title='bbox 719 1231 762 1294; x_wconf 91' lang='lat' dir='ltr'>ab</span> <span class='ocrx_word' id='word_1_65' title='bbox 772 1229 953 1295; x_wconf 75' lang='lat' dir='ltr'>edversario</span> <span class='ocrx_word' id='word_1_66' title='bbox 972 1253 1036 1296; x_wconf 91' lang='lat' dir='ltr'>non</span> <span class='ocrx_word' id='word_1_67' title='bbox 1050 1239 1207 1319; x_wconf 84' lang='lat' dir='ltr'>negatur:</span> <span class='ocrx_word' id='word_1_68' title='bbox 1234 1233 1416 1314; x_wconf 73' lang='lat' dir='ltr'>Caecinam,</span> 
     </span>
     <span class='ocr_line' id='line_1_9' title="bbox 216 1323 1418 1414; baseline 0.003 -22"><span class='ocrx_word' id='word_1_69' title='bbox 216 1351 313 1414; x_wconf 90' lang='lat' dir='ltr'>quum</span> <span class='ocrx_word' id='word_1_70' title='bbox 328 1329 370 1394; x_wconf 92' lang='lat' dir='ltr'>ad</span> <span class='ocrx_word' id='word_1_71' title='bbox 384 1323 595 1394; x_wconf 85' lang='lat' dir='ltr'>constitutam</span> <span class='ocrx_word' id='word_1_72' title='bbox 610 1329 695 1392; x_wconf 89' lang='lat' dir='ltr'>diem</span> <span class='ocrx_word' id='word_1_73' title='bbox 716 1335 906 1414; x_wconf 84' lang='lat' dir='ltr'>tempusque</span> <span class='ocrx_word' id='word_1_74' title='bbox 922 1329 1073 1408; x_wconf 85' lang='lat' dir='ltr'>venisset,</span> <span class='ocrx_word' id='word_1_75' title='bbox 1090 1338 1128 1396; x_wconf 91' lang='lat' dir='ltr'>ut</span> <span class='ocrx_word' id='word_1_76' title='bbox 1142 1330 1189 1394; x_wconf 90' lang='lat' dir='ltr'>vis</span> <span class='ocrx_word' id='word_1_77' title='bbox 1211 1353 1249 1396; x_wconf 93' lang='lat' dir='ltr'>ac</span> <span class='ocrx_word' id='word_1_78' title='bbox 1270 1331 1418 1396; x_wconf 91' lang='lat' dir='ltr'>deductio</span> 
     </span>
     <span class='ocr_line' id='line_1_10' title="bbox 215 1426 1419 1512; baseline 0.003 -22"><span class='ocrx_word' id='word_1_79' title='bbox 215 1427 356 1491; x_wconf 87' lang='lat' dir='ltr'>moribus</span> <span class='ocrx_word' id='word_1_80' title='bbox 379 1427 481 1504; x_wconf 86' lang='lat' dir='ltr'>fieret,</span> <span class='ocrx_word' id='word_1_81' title='bbox 497 1426 621 1511; x_wconf 87' lang='lat' dir='ltr'>pulsum</span> <span class='ocrx_word' id='word_1_82' title='bbox 642 1426 899 1512; x_wconf 84' lang='lat' dir='ltr'>prohibitumque</span> <span class='ocrx_word' id='word_1_83' title='bbox 914 1449 985 1491; x_wconf 88' lang='lat' dir='ltr'>esse</span> <span class='ocrx_word' id='word_1_84' title='bbox 1000 1427 1031 1490; x_wconf 89' lang='lat' dir='ltr'>vi</span> <span class='ocrx_word' id='word_1_85' title='bbox 1046 1429 1167 1494; x_wconf 75' lang='lat' dir='ltr'>coactis</span> <span class='ocrx_word' id='word_1_86' title='bbox 1184 1429 1364 1494; x_wconf 87' lang='lat' dir='ltr'>hominibus</span> <span class='ocrx_word' id='word_1_87' title='bbox 1385 1439 1419 1494; x_wconf 88' lang='lat' dir='ltr'>et</span> 
     </span>
     <span class='ocr_line' id='line_1_11' title="bbox 215 1523 1421 1612; baseline 0.002 -22"><span class='ocrx_word' id='word_1_88' title='bbox 215 1525 359 1590; x_wconf 83' lang='lat' dir='ltr'>armatis.</span> <span class='ocrx_word' id='word_1_89' title='bbox 404 1525 510 1606; x_wconf 77' lang='lat' dir='ltr'>Quum</span> <span class='ocrx_word' id='word_1_90' title='bbox 535 1523 596 1588; x_wconf 89' lang='lat' dir='ltr'>hoc</span> <span class='ocrx_word' id='word_1_91' title='bbox 620 1531 755 1602; x_wconf 85' lang='lat' dir='ltr'>constet,</span> <span class='ocrx_word' id='word_1_92' title='bbox 779 1545 840 1609; x_wconf 79' lang='lat' dir='ltr'>ego</span> <span class='ocrx_word' id='word_1_93' title='bbox 865 1523 960 1588; x_wconf 90' lang='lat' dir='ltr'>homo</span> <span class='ocrx_word' id='word_1_94' title='bbox 984 1525 1151 1610; x_wconf 88' lang='lat' dir='ltr'>imperitus</span> <span class='ocrx_word' id='word_1_95' title='bbox 1173 1525 1263 1611; x_wconf 85' lang='lat' dir='ltr'>juris,</span> <span class='ocrx_word' id='word_1_96' title='bbox 1289 1527 1421 1612; x_wconf 84' lang='lat' dir='ltr'>ignarus</span> 
     </span>
     <span class='ocr_line' id='line_1_12' title="bbox 215 1621 1419 1710; baseline 0.002 -24"><span class='ocrx_word' id='word_1_97' title='bbox 215 1623 418 1709; x_wconf 80' lang='lat' dir='ltr'>negotiorum</span> <span class='ocrx_word' id='word_1_98' title='bbox 432 1645 471 1688; x_wconf 86' lang='lat' dir='ltr'>ae</span> <span class='ocrx_word' id='word_1_99' title='bbox 485 1623 599 1698; x_wconf 89' lang='lat' dir='ltr'>litium,</span> <span class='ocrx_word' id='word_1_100' title='bbox 615 1623 698 1686; x_wconf 91' lang='lat' dir='ltr'>hanc</span> <span class='ocrx_word' id='word_1_101' title='bbox 712 1627 791 1707; x_wconf 93' lang='lat' dir='ltr'>puto</span> <span class='ocrx_word' id='word_1_102' title='bbox 806 1644 856 1686; x_wconf 90' lang='lat' dir='ltr'>mc</span> <span class='ocrx_word' id='word_1_103' title='bbox 870 1621 988 1686; x_wconf 87' lang='lat' dir='ltr'>habere</span> <span class='ocrx_word' id='word_1_104' title='bbox 1003 1623 1162 1688; x_wconf 88' lang='lat' dir='ltr'>actionem</span> <span class='ocrx_word' id='word_1_105' title='bbox 1185 1631 1221 1688; x_wconf 94' lang='lat' dir='ltr'>ut</span> <span class='ocrx_word' id='word_1_106' title='bbox 1244 1645 1300 1710; x_wconf 92' lang='lat' dir='ltr'>per</span> <span class='ocrx_word' id='word_1_107' title='bbox 1322 1625 1419 1690; x_wconf 87' lang='lat' dir='ltr'>inter·</span> 
     </span>
     <span class='ocr_line' id='line_1_13' title="bbox 216 1719 1418 1807; baseline 0 -21"><span class='ocrx_word' id='word_1_108' title='bbox 216 1721 337 1786; x_wconf 92' lang='lat' dir='ltr'>dictum</span> <span class='ocrx_word' id='word_1_109' title='bbox 351 1743 457 1786; x_wconf 90' lang='lat' dir='ltr'>meum</span> <span class='ocrx_word' id='word_1_110' title='bbox 477 1721 532 1806; x_wconf 91' lang='lat' dir='ltr'>jus</span> <span class='ocrx_word' id='word_1_111' title='bbox 546 1729 672 1786; x_wconf 87' lang='lat' dir='ltr'>teneam</span> <span class='ocrx_word' id='word_1_112' title='bbox 686 1727 783 1805; x_wconf 89' lang='lat' dir='ltr'>atque</span> <span class='ocrx_word' id='word_1_113' title='bbox 803 1719 949 1804; x_wconf 82' lang='lat' dir='ltr'>injuriam</span> <span class='ocrx_word' id='word_1_114' title='bbox 965 1727 1055 1786; x_wconf 85' lang='lat' dir='ltr'>tuam</span> <span class='ocrx_word' id='word_1_115' title='bbox 1069 1743 1248 1807; x_wconf 87' lang='lat' dir='ltr'>persequar.</span> <span class='ocrx_word' id='word_1_116' title='bbox 1296 1722 1364 1788; x_wconf 90' lang='lat' dir='ltr'>Fac</span> <span class='ocrx_word' id='word_1_117' title='bbox 1386 1721 1418 1786; x_wconf 92' lang='lat' dir='ltr'>in</span> 
     </span>
     <span class='ocr_line' id='line_1_14' title="bbox 215 1817 1420 1907; baseline 0.002 -24"><span class='ocrx_word' id='word_1_118' title='bbox 215 1820 277 1884; x_wconf 91' lang='lat' dir='ltr'>hoc</span> <span class='ocrx_word' id='word_1_119' title='bbox 292 1839 397 1884; x_wconf 87' lang='lat' dir='ltr'>errare</span> <span class='ocrx_word' id='word_1_120' title='bbox 411 1841 463 1884; x_wconf 88' lang='lat' dir='ltr'>me</span> <span class='ocrx_word' id='word_1_121' title='bbox 477 1841 536 1883; x_wconf 92' lang='lat' dir='ltr'>nec</span> <span class='ocrx_word' id='word_1_122' title='bbox 550 1819 614 1882; x_wconf 92' lang='lat' dir='ltr'>ullo</span> <span class='ocrx_word' id='word_1_123' title='bbox 636 1817 731 1882; x_wconf 93' lang='lat' dir='ltr'>modo</span> <span class='ocrx_word' id='word_1_124' title='bbox 752 1840 849 1904; x_wconf 90' lang='lat' dir='ltr'>posse</span> <span class='ocrx_word' id='word_1_125' title='bbox 870 1841 927 1904; x_wconf 91' lang='lat' dir='ltr'>per</span> <span class='ocrx_word' id='word_1_126' title='bbox 948 1819 1008 1884; x_wconf 90' lang='lat' dir='ltr'>hoc</span> <span class='ocrx_word' id='word_1_127' title='bbox 1024 1819 1230 1884; x_wconf 87' lang='lat' dir='ltr'>interdictum</span> <span class='ocrx_word' id='word_1_128' title='bbox 1246 1820 1278 1884; x_wconf 93' lang='lat' dir='ltr'>id</span> <span class='ocrx_word' id='word_1_129' title='bbox 1292 1821 1420 1907; x_wconf 84' lang='lat' dir='ltr'>sesequi</span> 
     </span>
     <span class='ocr_line' id='line_1_15' title="bbox 215 1917 1421 2004; baseline 0.003 -24"><span class='ocrx_word' id='word_1_130' title='bbox 215 1918 301 2003; x_wconf 92' lang='lat' dir='ltr'>quod</span> <span class='ocrx_word' id='word_1_131' title='bbox 315 1917 428 1990; x_wconf 72' lang='lat' dir='ltr'>velim</span> <span class='ocrx_word' id='word_1_132' title='bbox 453 1924 487 1982; x_wconf 92' lang='lat' dir='ltr'>te</span> <span class='ocrx_word' id='word_1_133' title='bbox 501 1917 549 1982; x_wconf 89' lang='lat' dir='ltr'>uti</span> <span class='ocrx_word' id='word_1_134' title='bbox 564 1917 596 1980; x_wconf 93' lang='lat' dir='ltr'>in</span> <span class='ocrx_word' id='word_1_135' title='bbox 619 1917 680 1980; x_wconf 89' lang='lat' dir='ltr'>hac</span> <span class='ocrx_word' id='word_1_136' title='bbox 705 1939 741 1981; x_wconf 90' lang='lat' dir='ltr'>re</span> <span class='ocrx_word' id='word_1_137' title='bbox 766 1917 921 2003; x_wconf 82' lang='lat' dir='ltr'>magistro</span> <span class='ocrx_word' id='word_1_138' title='bbox 937 1917 1017 1982; x_wconf 91' lang='lat' dir='ltr'>volo.</span> <span class='ocrx_word' id='word_1_139' title='bbox 1063 1919 1197 1999; x_wconf 80' lang='lat' dir='ltr'>Quaero,</span> <span class='ocrx_word' id='word_1_140' title='bbox 1215 1918 1299 1984; x_wconf 86' lang='lat' dir='ltr'>sitne</span> <span class='ocrx_word' id='word_1_141' title='bbox 1314 1919 1421 2004; x_wconf 86' lang='lat' dir='ltr'>aliqua</span> 
     </span>
     <span class='ocr_line' id='line_1_16' title="bbox 214 2015 1419 2102; baseline 0.002 -24"><span class='ocrx_word' id='word_1_142' title='bbox 214 2017 312 2100; x_wconf 87' lang='lat' dir='ltr'>hujus</span> <span class='ocrx_word' id='word_1_143' title='bbox 326 2015 373 2079; x_wconf 90' lang='lat' dir='ltr'>rei</span> <span class='ocrx_word' id='word_1_144' title='bbox 386 2015 471 2080; x_wconf 89' lang='lat' dir='ltr'>actio</span> <span class='ocrx_word' id='word_1_145' title='bbox 493 2038 535 2080; x_wconf 90' lang='lat' dir='ltr'>an</span> <span class='ocrx_word' id='word_1_146' title='bbox 552 2015 644 2080; x_wconf 80' lang='lat' dir='ltr'>nulla</span> <span class='ocrx_word' id='word_1_147' title='bbox 690 2015 865 2080; x_wconf 76' lang='lat' dir='ltr'>convocari</span> <span class='ocrx_word' id='word_1_148' title='bbox 887 2015 1030 2080; x_wconf 87' lang='lat' dir='ltr'>homines</span> <span class='ocrx_word' id='word_1_149' title='bbox 1054 2025 1186 2102; x_wconf 87' lang='lat' dir='ltr'>propter</span> <span class='ocrx_word' id='word_1_150' title='bbox 1209 2017 1419 2102; x_wconf 88' lang='lat' dir='ltr'>possessionis</span> 
     </span>
     <span class='ocr_line' id='line_1_17' title="bbox 215 2113 1419 2200; baseline 0.001 -23"><span class='ocrx_word' id='word_1_151' title='bbox 215 2113 466 2178; x_wconf 87' lang='lat' dir='ltr'>controversiam</span> <span class='ocrx_word' id='word_1_152' title='bbox 493 2135 557 2178; x_wconf 90' lang='lat' dir='ltr'>uon</span> <span class='ocrx_word' id='word_1_153' title='bbox 585 2121 724 2200; x_wconf 84' lang='lat' dir='ltr'>oportet,</span> <span class='ocrx_word' id='word_1_154' title='bbox 751 2113 868 2178; x_wconf 87' lang='lat' dir='ltr'>armari</span> <span class='ocrx_word' id='word_1_155' title='bbox 894 2113 1130 2179; x_wconf 86' lang='lat' dir='ltr'>multitudinem</span> <span class='ocrx_word' id='word_1_156' title='bbox 1153 2115 1235 2199; x_wconf 88' lang='lat' dir='ltr'>juris</span> <span class='ocrx_word' id='word_1_157' title='bbox 1260 2115 1419 2180; x_wconf 88' lang='lat' dir='ltr'>retinendi</span> 
     </span>
     <span class='ocr_line' id='line_1_18' title="bbox 217 2211 1420 2296; baseline 0.002 -22"><span class='ocrx_word' id='word_1_158' title='bbox 217 2232 330 2274; x_wconf 81' lang='lat' dir='ltr'>caussa</span> <span class='ocrx_word' id='word_1_159' title='bbox 354 2233 418 2275; x_wconf 90' lang='lat' dir='ltr'>non</span> <span class='ocrx_word' id='word_1_160' title='bbox 444 2211 601 2289; x_wconf 88' lang='lat' dir='ltr'>convenit,</span> <span class='ocrx_word' id='word_1_161' title='bbox 617 2233 675 2276; x_wconf 86' lang='lat' dir='ltr'>nec</span> <span class='ocrx_word' id='word_1_162' title='bbox 697 2211 762 2296; x_wconf 89' lang='lat' dir='ltr'>juri</span> <span class='ocrx_word' id='word_1_163' title='bbox 786 2211 958 2296; x_wconf 89' lang='lat' dir='ltr'>quidquam</span> <span class='ocrx_word' id='word_1_164' title='bbox 982 2219 1049 2274; x_wconf 90' lang='lat' dir='ltr'>tam</span> <span class='ocrx_word' id='word_1_165' title='bbox 1075 2211 1237 2274; x_wconf 89' lang='lat' dir='ltr'>inimicum</span> <span class='ocrx_word' id='word_1_166' title='bbox 1251 2234 1347 2296; x_wconf 84' lang='lat' dir='ltr'>quem</span> <span class='ocrx_word' id='word_1_167' title='bbox 1362 2212 1420 2292; x_wconf 90' lang='lat' dir='ltr'>vis,</span> 
     </span>
    </p>
   </div>
   <div class='ocr_carea' id='block_1_3' title="bbox 215 2307 1421 2687">
    <p class='ocr_par' dir='ltr' id='par_1_4' title="bbox 215 2307 1421 2687">
     <span class='ocr_line' id='line_1_19' title="bbox 216 2307 1421 2395; baseline 0 -23"><span class='ocrx_word' id='word_1_168' title='bbox 216 2330 276 2373; x_wconf 90' lang='lat' dir='ltr'>nec</span> <span class='ocrx_word' id='word_1_169' title='bbox 289 2310 442 2395; x_wconf 88' lang='lat' dir='ltr'>aequitati</span> <span class='ocrx_word' id='word_1_170' title='bbox 458 2309 629 2395; x_wconf 90' lang='lat' dir='ltr'>quidquam</span> <span class='ocrx_word' id='word_1_171' title='bbox 650 2316 717 2372; x_wconf 88' lang='lat' dir='ltr'>tam</span> <span class='ocrx_word' id='word_1_172' title='bbox 738 2307 890 2372; x_wconf 82' lang='lat' dir='ltr'>infestum</span> <span class='ocrx_word' id='word_1_173' title='bbox 913 2319 962 2371; x_wconf 87' lang='lat' dir='ltr'>est</span> <span class='ocrx_word' id='word_1_174' title='bbox 978 2329 1073 2392; x_wconf 86' lang='lat' dir='ltr'>quam</span> <span class='ocrx_word' id='word_1_175' title='bbox 1095 2308 1262 2372; x_wconf 89' lang='lat' dir='ltr'>convocati</span> <span class='ocrx_word' id='word_1_176' title='bbox 1278 2309 1421 2373; x_wconf 89' lang='lat' dir='ltr'>homines</span> 
     </span>
     <span class='ocr_line' id='line_1_20' title="bbox 216 2403 1420 2490; baseline -0.002 -20"><span class='ocrx_word' id='word_1_177' title='bbox 216 2413 251 2470; x_wconf 88' lang='lat' dir='ltr'>et</span> <span class='ocrx_word' id='word_1_178' title='bbox 274 2407 397 2472; x_wconf 77' lang='lat' dir='ltr'>armati.</span> <span class='ocrx_word' id='word_1_179' title='bbox 444 2407 531 2470; x_wconf 87' lang='lat' dir='ltr'><strong>XII.</strong></span> <span class='ocrx_word' id='word_1_180' title='bbox 554 2406 647 2487; x_wconf 73' lang='lat' dir='ltr'>Quod</span> <span class='ocrx_word' id='word_1_181' title='bbox 674 2427 771 2490; x_wconf 92' lang='lat' dir='ltr'>quum</span> <span class='ocrx_word' id='word_1_182' title='bbox 796 2404 843 2469; x_wconf 84' lang='lat' dir='ltr'>ita</span> <span class='ocrx_word' id='word_1_183' title='bbox 868 2405 921 2480; x_wconf 91' lang='lat' dir='ltr'>sit,</span> <span class='ocrx_word' id='word_1_184' title='bbox 945 2425 1058 2487; x_wconf 88' lang='lat' dir='ltr'>resque</span> <span class='ocrx_word' id='word_1_185' title='bbox 1078 2403 1235 2486; x_wconf 89' lang='lat' dir='ltr'>ejusmodi</span> <span class='ocrx_word' id='word_1_186' title='bbox 1258 2404 1302 2470; x_wconf 91' lang='lat' dir='ltr'>sit</span> <span class='ocrx_word' id='word_1_187' title='bbox 1327 2403 1420 2468; x_wconf 88' lang='lat' dir='ltr'>utin</span> 
     </span>
     <span class='ocr_line' id='line_1_21' title="bbox 215 2499 1419 2590; baseline -0.002 -23"><span class='ocrx_word' id='word_1_188' title='bbox 215 2505 327 2590; x_wconf 90' lang='lat' dir='ltr'>primis</span> <span class='ocrx_word' id='word_1_189' title='bbox 337 2528 357 2568; x_wconf 90' lang='lat' dir='ltr'>a</span> <span class='ocrx_word' id='word_1_190' title='bbox 368 2503 612 2589; x_wconf 84' lang='lat' dir='ltr'>magistratibus</span> <span class='ocrx_word' id='word_1_191' title='bbox 625 2501 907 2566; x_wconf 87' lang='lat' dir='ltr'>animadvertenda</span> <span class='ocrx_word' id='word_1_192' title='bbox 919 2521 988 2564; x_wconf 87' lang='lat' dir='ltr'>esse</span> <span class='ocrx_word' id='word_1_193' title='bbox 999 2499 1154 2574; x_wconf 87' lang='lat' dir='ltr'>videatur,</span> <span class='ocrx_word' id='word_1_194' title='bbox 1167 2499 1281 2563; x_wconf 88' lang='lat' dir='ltr'>iterum</span> <span class='ocrx_word' id='word_1_195' title='bbox 1292 2521 1419 2584; x_wconf 89' lang='lat' dir='ltr'>quaero,</span> 
     </span>
     <span class='ocr_line' id='line_1_22' title="bbox 216 2595 1419 2687; baseline -0.004 -20"><span class='ocrx_word' id='word_1_196' title='bbox 216 2602 300 2667; x_wconf 83' lang='lat' dir='ltr'>sitne</span> <span class='ocrx_word' id='word_1_197' title='bbox 316 2603 385 2687; x_wconf 88' lang='lat' dir='ltr'>ejus</span> <span class='ocrx_word' id='word_1_198' title='bbox 407 2603 453 2666; x_wconf 90' lang='lat' dir='ltr'>rei</span> <span class='ocrx_word' id='word_1_199' title='bbox 473 2602 579 2687; x_wconf 87' lang='lat' dir='ltr'>eliqua</span> <span class='ocrx_word' id='word_1_200' title='bbox 600 2599 685 2663; x_wconf 88' lang='lat' dir='ltr'>actio</span> <span class='ocrx_word' id='word_1_201' title='bbox 709 2619 750 2662; x_wconf 87' lang='lat' dir='ltr'>an</span> <span class='ocrx_word' id='word_1_202' title='bbox 775 2598 871 2662; x_wconf 89' lang='lat' dir='ltr'>nulla.</span> <span class='ocrx_word' id='word_1_203' title='bbox 918 2595 1044 2660; x_wconf 85' lang='lat' dir='ltr'>Nullum</span> <span class='ocrx_word' id='word_1_204' title='bbox 1059 2617 1129 2660; x_wconf 89' lang='lat' dir='ltr'>esse</span> <span class='ocrx_word' id='word_1_205' title='bbox 1145 2595 1251 2660; x_wconf 75' lang='lat' dir='ltr'>dices!</span> <span class='ocrx_word' id='word_1_206' title='bbox 1296 2597 1419 2663; x_wconf 86' lang='lat' dir='ltr'>Audire</span> 
     </span>
    </p>
   </div>
   <div class='ocr_carea' id='block_1_4' title="bbox 214 2695 1423 3569">
    <p class='ocr_par' dir='ltr' id='par_1_5' title="bbox 214 2695 1423 3569">
     <span class='ocr_line' id='line_1_23' title="bbox 215 2695 1418 2787; baseline -0.005 -22"><span class='ocrx_word' id='word_1_207' title='bbox 215 2702 320 2787; x_wconf 87' lang='lat' dir='ltr'>cupio.</span> <span class='ocrx_word' id='word_1_208' title='bbox 349 2701 412 2782; x_wconf 79' lang='lat' dir='ltr'>Qui</span> <span class='ocrx_word' id='word_1_209' title='bbox 436 2702 469 2764; x_wconf 92' lang='lat' dir='ltr'>in</span> <span class='ocrx_word' id='word_1_210' title='bbox 494 2721 574 2785; x_wconf 87' lang='lat' dir='ltr'>pace</span> <span class='ocrx_word' id='word_1_211' title='bbox 597 2706 632 2763; x_wconf 90' lang='lat' dir='ltr'>et</span> <span class='ocrx_word' id='word_1_212' title='bbox 652 2697 728 2773; x_wconf 92' lang='lat' dir='ltr'>otio,</span> <span class='ocrx_word' id='word_1_213' title='bbox 744 2719 841 2782; x_wconf 92' lang='lat' dir='ltr'>quum</span> <span class='ocrx_word' id='word_1_214' title='bbox 865 2718 994 2760; x_wconf 87' lang='lat' dir='ltr'>manum</span> <span class='ocrx_word' id='word_1_215' title='bbox 1017 2696 1138 2773; x_wconf 85' lang='lat' dir='ltr'>lecerit,</span> <span class='ocrx_word' id='word_1_216' title='bbox 1155 2695 1262 2779; x_wconf 89' lang='lat' dir='ltr'>copias</span> <span class='ocrx_word' id='word_1_217' title='bbox 1287 2696 1418 2782; x_wconf 81' lang='lat' dir='ltr'>pararit,</span> 
     </span>
     <span class='ocr_line' id='line_1_24' title="bbox 214 2792 1420 2879; baseline -0.006 -15"><span class='ocrx_word' id='word_1_218' title='bbox 214 2798 453 2864; x_wconf 89' lang='lat' dir='ltr'>multitudinem</span> <span class='ocrx_word' id='word_1_219' title='bbox 489 2795 653 2860; x_wconf 91' lang='lat' dir='ltr'>hominnm</span> <span class='ocrx_word' id='word_1_220' title='bbox 690 2794 840 2879; x_wconf 81' lang='lat' dir='ltr'>coegerit,</span> <span class='ocrx_word' id='word_1_221' title='bbox 870 2792 1011 2871; x_wconf 89' lang='lat' dir='ltr'>armarit,</span> <span class='ocrx_word' id='word_1_222' title='bbox 1050 2792 1246 2871; x_wconf 87' lang='lat' dir='ltr'>instruxerit,</span> <span class='ocrx_word' id='word_1_223' title='bbox 1277 2794 1420 2857; x_wconf 90' lang='lat' dir='ltr'>homiues</span> 
     </span>
     <span class='ocr_line' id='line_1_25' title="bbox 214 2891 1420 2979; baseline -0.006 -18"><span class='ocrx_word' id='word_1_224' title='bbox 214 2898 364 2971; x_wconf 89' lang='lat' dir='ltr'>inermos,</span> <span class='ocrx_word' id='word_1_225' title='bbox 377 2894 431 2979; x_wconf 90' lang='lat' dir='ltr'>qui</span> <span class='ocrx_word' id='word_1_226' title='bbox 445 2894 486 2958; x_wconf 90' lang='lat' dir='ltr'>ad</span> <span class='ocrx_word' id='word_1_227' title='bbox 502 2893 715 2958; x_wconf 87' lang='lat' dir='ltr'>constitutum</span> <span class='ocrx_word' id='word_1_228' title='bbox 729 2891 913 2976; x_wconf 85' lang='lat' dir='ltr'>experiundi</span> <span class='ocrx_word' id='word_1_229' title='bbox 926 2892 1007 2976; x_wconf 92' lang='lat' dir='ltr'>juris</span> <span class='ocrx_word' id='word_1_230' title='bbox 1018 2891 1124 2976; x_wconf 85' lang='lat' dir='ltr'>gratia</span> <span class='ocrx_word' id='word_1_231' title='bbox 1134 2891 1302 2969; x_wconf 83' lang='lat' dir='ltr'>venissent,</span> <span class='ocrx_word' id='word_1_232' title='bbox 1313 2891 1420 2971; x_wconf 88' lang='lat' dir='ltr'>armis,</span> 
     </span>
     <span class='ocr_line' id='line_1_26' title="bbox 214 2988 1423 3077; baseline -0.004 -18"><span class='ocrx_word' id='word_1_233' title='bbox 214 2995 302 3069; x_wconf 88' lang='lat' dir='ltr'>viris,</span> <span class='ocrx_word' id='word_1_234' title='bbox 324 3000 446 3058; x_wconf 90' lang='lat' dir='ltr'>terrore</span> <span class='ocrx_word' id='word_1_235' title='bbox 468 2990 670 3077; x_wconf 89' lang='lat' dir='ltr'>periculoque</span> <span class='ocrx_word' id='word_1_236' title='bbox 690 2990 803 3055; x_wconf 89' lang='lat' dir='ltr'>mortis</span> <span class='ocrx_word' id='word_1_237' title='bbox 824 2988 1007 3076; x_wconf 88' lang='lat' dir='ltr'>reppulerit,</span> <span class='ocrx_word' id='word_1_238' title='bbox 1029 2988 1156 3073; x_wconf 83' lang='lat' dir='ltr'>sugerit,</span> <span class='ocrx_word' id='word_1_239' title='bbox 1181 2990 1339 3067; x_wconf 87' lang='lat' dir='ltr'>averterit,</span> <span class='ocrx_word' id='word_1_240' title='bbox 1362 2990 1423 3054; x_wconf 93' lang='lat' dir='ltr'>hoc</span> 
     </span>
     <span class='ocr_line' id='line_1_27' title="bbox 216 3088 1422 3176; baseline -0.003 -19"><span class='ocrx_word' id='word_1_241' title='bbox 216 3094 324 3158; x_wconf 87' lang='lat' dir='ltr'>dicat:</span> <span class='ocrx_word' id='word_1_242' title='bbox 350 3089 428 3155; x_wconf 88' lang='lat' dir='ltr'>Feci</span> <span class='ocrx_word' id='word_1_243' title='bbox 443 3090 589 3176; x_wconf 79' lang='lat' dir='ltr'>equidem</span> <span class='ocrx_word' id='word_1_244' title='bbox 604 3111 686 3175; x_wconf 89' lang='lat' dir='ltr'>quae</span> <span class='ocrx_word' id='word_1_245' title='bbox 701 3088 780 3152; x_wconf 86' lang='lat' dir='ltr'>dicis</span> <span class='ocrx_word' id='word_1_246' title='bbox 795 3088 920 3153; x_wconf 87' lang='lat' dir='ltr'>omnia:</span> <span class='ocrx_word' id='word_1_247' title='bbox 946 3094 981 3151; x_wconf 92' lang='lat' dir='ltr'>et</span> <span class='ocrx_word' id='word_1_248' title='bbox 996 3108 1034 3151; x_wconf 84' lang='lat' dir='ltr'>ea</span> <span class='ocrx_word' id='word_1_249' title='bbox 1048 3095 1123 3151; x_wconf 90' lang='lat' dir='ltr'>sunt</span> <span class='ocrx_word' id='word_1_250' title='bbox 1139 3094 1173 3151; x_wconf 89' lang='lat' dir='ltr'>et</span> <span class='ocrx_word' id='word_1_251' title='bbox 1189 3088 1373 3152; x_wconf 88' lang='lat' dir='ltr'>turbulenta</span> <span class='ocrx_word' id='word_1_252' title='bbox 1388 3096 1422 3153; x_wconf 92' lang='lat' dir='ltr'>et</span> 
     </span>
     <span class='ocr_line' id='line_1_28' title="bbox 215 3184 1421 3274; baseline -0.005 -17"><span class='ocrx_word' id='word_1_253' title='bbox 215 3189 389 3257; x_wconf 89' lang='lat' dir='ltr'>temeraria</span> <span class='ocrx_word' id='word_1_254' title='bbox 411 3196 445 3254; x_wconf 90' lang='lat' dir='ltr'>et</span> <span class='ocrx_word' id='word_1_255' title='bbox 466 3186 661 3274; x_wconf 87' lang='lat' dir='ltr'>periculosa:</span> <span class='ocrx_word' id='word_1_256' title='bbox 693 3186 767 3273; x_wconf 88' lang='lat' dir='ltr'>qnid</span> <span class='ocrx_word' id='word_1_257' title='bbox 787 3208 864 3273; x_wconf 85' lang='lat' dir='ltr'>ergo</span> <span class='ocrx_word' id='word_1_258' title='bbox 885 3188 957 3252; x_wconf 77' lang='lat' dir='ltr'>esti</span> <span class='ocrx_word' id='word_1_259' title='bbox 990 3186 1116 3271; x_wconf 89' lang='lat' dir='ltr'>impunc</span> <span class='ocrx_word' id='word_1_260' title='bbox 1138 3184 1219 3251; x_wconf 86' lang='lat' dir='ltr'>leci:</span> <span class='ocrx_word' id='word_1_261' title='bbox 1247 3207 1321 3251; x_wconf 88' lang='lat' dir='ltr'>nam</span> <span class='ocrx_word' id='word_1_262' title='bbox 1345 3186 1421 3273; x_wconf 89' lang='lat' dir='ltr'>quid</span> 
     </span>
     <span class='ocr_line' id='line_1_29' title="bbox 216 3282 1418 3373; baseline -0.003 -21"><span class='ocrx_word' id='word_1_263' title='bbox 216 3310 295 3373; x_wconf 82' lang='lat' dir='ltr'>agas</span> <span class='ocrx_word' id='word_1_264' title='bbox 309 3308 433 3351; x_wconf 91' lang='lat' dir='ltr'>mecum</span> <span class='ocrx_word' id='word_1_265' title='bbox 455 3309 496 3350; x_wconf 86' lang='lat' dir='ltr'>ex</span> <span class='ocrx_word' id='word_1_266' title='bbox 517 3286 590 3370; x_wconf 89' lang='lat' dir='ltr'>jure</span> <span class='ocrx_word' id='word_1_267' title='bbox 612 3285 695 3348; x_wconf 85' lang='lat' dir='ltr'>civili</span> <span class='ocrx_word' id='word_1_268' title='bbox 720 3306 758 3349; x_wconf 87' lang='lat' dir='ltr'>ac</span> <span class='ocrx_word' id='word_1_269' title='bbox 783 3284 945 3371; x_wconf 87' lang='lat' dir='ltr'>praetorio</span> <span class='ocrx_word' id='word_1_270' title='bbox 971 3306 1034 3347; x_wconf 92' lang='lat' dir='ltr'>non</span> <span class='ocrx_word' id='word_1_271' title='bbox 1060 3284 1169 3347; x_wconf 85' lang='lat' dir='ltr'>hebes.</span> <span class='ocrx_word' id='word_1_272' title='bbox 1217 3282 1309 3347; x_wconf 89' lang='lat' dir='ltr'>Itane</span> <span class='ocrx_word' id='word_1_273' title='bbox 1333 3306 1418 3363; x_wconf 84' lang='lat' dir='ltr'>vero,</span> 
     </span>
     <span class='ocr_line' id='line_1_30' title="bbox 217 3382 1423 3470; baseline -0.001 -20"><span class='ocrx_word' id='word_1_274' title='bbox 217 3394 471 3470; x_wconf 63' lang='lat' dir='ltr'>recuperatorem</span> <span class='ocrx_word' id='word_1_275' title='bbox 488 3385 549 3449; x_wconf 93' lang='lat' dir='ltr'>hoc</span> <span class='ocrx_word' id='word_1_276' title='bbox 563 3405 620 3447; x_wconf 87' lang='lat' dir='ltr'>vos</span> <span class='ocrx_word' id='word_1_277' title='bbox 633 3382 780 3459; x_wconf 88' lang='lat' dir='ltr'>audietis,</span> <span class='ocrx_word' id='word_1_278' title='bbox 796 3391 831 3447; x_wconf 91' lang='lat' dir='ltr'>et</span> <span class='ocrx_word' id='word_1_279' title='bbox 843 3383 930 3469; x_wconf 87' lang='lat' dir='ltr'>apud</span> <span class='ocrx_word' id='word_1_280' title='bbox 946 3406 1002 3447; x_wconf 90' lang='lat' dir='ltr'>vos</span> <span class='ocrx_word' id='word_1_281' title='bbox 1017 3382 1079 3447; x_wconf 89' lang='lat' dir='ltr'>dici</span> <span class='ocrx_word' id='word_1_282' title='bbox 1095 3382 1257 3468; x_wconf 83' lang='lat' dir='ltr'>patiemini</span> <span class='ocrx_word' id='word_1_283' title='bbox 1272 3386 1423 3470; x_wconf 67' lang='lat' dir='ltr'>saepius!</span> 
     </span>
     <span class='ocr_line' id='line_1_31' title="bbox 218 3481 1422 3569; baseline 0.001 -22"><span class='ocrx_word' id='word_1_284' title='bbox 218 3484 324 3565; x_wconf 79' lang='lat' dir='ltr'>Quum</span> <span class='ocrx_word' id='word_1_285' title='bbox 338 3486 475 3569; x_wconf 87' lang='lat' dir='ltr'>majores</span> <span class='ocrx_word' id='word_1_286' title='bbox 485 3482 588 3547; x_wconf 90' lang='lat' dir='ltr'>nostri</span> <span class='ocrx_word' id='word_1_287' title='bbox 598 3489 692 3549; x_wconf 90' lang='lat' dir='ltr'>tauta</span> <span class='ocrx_word' id='word_1_288' title='bbox 702 3481 869 3569; x_wconf 80' lang='lat' dir='ltr'>diligentia</span> <span class='ocrx_word' id='word_1_289' title='bbox 884 3481 1113 3568; x_wconf 81' lang='lat' dir='ltr'>prudentiaque</span> <span class='ocrx_word' id='word_1_290' title='bbox 1128 3482 1256 3563; x_wconf 87' lang='lat' dir='ltr'>luerint,</span> <span class='ocrx_word' id='word_1_291' title='bbox 1268 3491 1305 3549; x_wconf 92' lang='lat' dir='ltr'>ut</span> <span class='ocrx_word' id='word_1_292' title='bbox 1316 3484 1422 3549; x_wconf 85' lang='lat' dir='ltr'>omnia</span> 
     </span>
    </p>
   </div>
   <div class='ocr_carea' id='block_1_5' title="bbox 215 3680 1424 4646">
    <p class='ocr_par' dir='ltr' id='par_1_6' title="bbox 215 3680 1424 4646">
     <span class='ocr_line' id='line_1_32' title="bbox 244 3680 1421 3744; baseline -0.001 -15"><span class='ocrx_word' id='word_1_293' title='bbox 244 3681 290 3742; x_wconf 76' lang='lat' dir='ltr'>jue</span> <span class='ocrx_word' id='word_1_294' title='bbox 297 3682 474 3744; x_wconf 74' lang='lat' dir='ltr'>actionemque]</span> <span class='ocrx_word' id='word_1_295' title='bbox 493 3681 562 3729; x_wconf 79' lang='lat' dir='ltr'>‘The</span> <span class='ocrx_word' id='word_1_296' title='bbox 577 3680 622 3729; x_wconf 74' lang='lat' dir='ltr'>lev</span> <span class='ocrx_word' id='word_1_297' title='bbox 633 3680 680 3729; x_wconf 84' lang='lat' dir='ltr'>end</span> <span class='ocrx_word' id='word_1_298' title='bbox 690 3680 802 3729; x_wconf 81' lang='lat' dir='ltr'>theiorm</span> <span class='ocrx_word' id='word_1_299' title='bbox 861 3682 923 3741; x_wconf 76' lang='lat' dir='ltr'>jure</span> <span class='ocrx_word' id='word_1_300' title='bbox 933 3682 1000 3729; x_wconf 78' lang='lat' dir='ltr'>civili</span> <span class='ocrx_word' id='word_1_301' title='bbox 1010 3695 1041 3728; x_wconf 84' lang='lat' dir='ltr'>ac</span> <span class='ocrx_word' id='word_1_302' title='bbox 1052 3681 1193 3742; x_wconf 64' lang='lat' dir='ltr'>praelusio]</span> <span class='ocrx_word' id='word_1_303' title='bbox 1212 3680 1267 3729; x_wconf 85' lang='lat' dir='ltr'>One</span> <span class='ocrx_word' id='word_1_304' title='bbox 1277 3682 1355 3727; x_wconf 76' lang='lat' dir='ltr'>would</span> <span class='ocrx_word' id='word_1_305' title='bbox 1364 3694 1421 3742; x_wconf 86' lang='lat' dir='ltr'>sup·</span> 
     </span>
     <span class='ocr_line' id='line_1_33' title="bbox 216 3744 1422 3809; baseline -0.002 -15"><span class='ocrx_word' id='word_1_306' title='bbox 216 3745 246 3793; x_wconf 77' lang='lat' dir='ltr'>ol</span> <span class='ocrx_word' id='word_1_307' title='bbox 263 3747 342 3793; x_wconf 79' lang='lat' dir='ltr'>action</span> <span class='ocrx_word' id='word_1_308' title='bbox 355 3761 384 3794; x_wconf 83' lang='lat' dir='ltr'>or</span> <span class='ocrx_word' id='word_1_309' title='bbox 404 3744 563 3809; x_wconf 59' lang='lat' dir='ltr'>pronesdingss</span> <span class='ocrx_word' id='word_1_310' title='bbox 597 3746 638 3793; x_wconf 83' lang='lat' dir='ltr'>ile</span> <span class='ocrx_word' id='word_1_311' title='bbox 655 3760 710 3807; x_wconf 78' lang='lat' dir='ltr'>sape</span> <span class='ocrx_word' id='word_1_312' title='bbox 727 3760 742 3792; x_wconf 84' lang='lat' dir='ltr'>a</span> <span class='ocrx_word' id='word_1_313' title='bbox 757 3744 803 3793; x_wconf 66' lang='lat' dir='ltr'>lew</span> <span class='ocrx_word' id='word_1_314' title='bbox 834 3759 893 3807; x_wconf 86' lang='lat' dir='ltr'>poss</span> <span class='ocrx_word' id='word_1_315' title='bbox 910 3744 964 3791; x_wconf 86' lang='lat' dir='ltr'>that</span> <span class='ocrx_word' id='word_1_316' title='bbox 981 3744 1037 3791; x_wconf 79' lang='lat' dir='ltr'>‘ac&#39;</span> <span class='ocrx_word' id='word_1_317' title='bbox 1053 3745 1129 3805; x_wconf 75' lang='lat' dir='ltr'>ought</span> <span class='ocrx_word' id='word_1_318' title='bbox 1147 3750 1173 3792; x_wconf 93' lang='grc' dir='ltr'>ιο</span> <span class='ocrx_word' id='word_1_319' title='bbox 1193 3745 1311 3800; x_wconf 74' lang='lat' dir='ltr'>bs‘eut3’</span> <span class='ocrx_word' id='word_1_320' title='bbox 1328 3744 1422 3791; x_wconf 86' lang='lat' dir='ltr'>butun</span> 
     </span>
     <span class='ocr_line' id='line_1_34' title="bbox 215 3807 1421 3873; baseline -0.003 -14"><span class='ocrx_word' id='word_1_321' title='bbox 215 3811 278 3859; x_wconf 86' lang='lat' dir='ltr'>lines</span> <span class='ocrx_word' id='word_1_322' title='bbox 288 3811 382 3858; x_wconf 77' lang='lat' dir='ltr'>funher</span> <span class='ocrx_word' id='word_1_323' title='bbox 391 3826 432 3869; x_wconf 91' lang='lat' dir='ltr'>on,</span> <span class='ocrx_word' id='word_1_324' title='bbox 445 3816 460 3839; x_wconf 83' lang='lat'>‘⁴</span> <span class='ocrx_word' id='word_1_325' title='bbox 469 3812 532 3859; x_wconf 85' lang='lat' dir='ltr'>hene</span> <span class='ocrx_word' id='word_1_326' title='bbox 541 3814 603 3873; x_wconf 84' lang='lat' dir='ltr'>puto</span> <span class='ocrx_word' id='word_1_327' title='bbox 614 3824 654 3858; x_wconf 87' lang='lat' dir='ltr'>me</span> <span class='ocrx_word' id='word_1_328' title='bbox 663 3810 752 3858; x_wconf 83' lang='lat' dir='ltr'>habere</span> <span class='ocrx_word' id='word_1_329' title='bbox 762 3824 802 3857; x_wconf 80' lang='lat' dir='ltr'>ec·</span> <span class='ocrx_word' id='word_1_330' title='bbox 835 3808 910 3857; x_wconf 82' lang='lat' dir='ltr'>MSS.</span> <span class='ocrx_word' id='word_1_331' title='bbox 922 3808 1036 3855; x_wconf 76' lang='grc' dir='ltr'>ιιιιιιιοιι</span> <span class='ocrx_word' id='word_1_332' title='bbox 1047 3810 1068 3855; x_wconf 87' lang='lat' dir='ltr'>is</span> <span class='ocrx_word' id='word_1_333' title='bbox 1079 3808 1159 3860; x_wconf 85' lang='lat' dir='ltr'>noted.</span> <span class='ocrx_word' id='word_1_334' title='bbox 1194 3808 1254 3856; x_wconf 80' lang='lat' dir='ltr'>‘dns</span> <span class='ocrx_word' id='word_1_335' title='bbox 1265 3807 1341 3855; x_wconf 83' lang='lat' dir='ltr'>eivils&#39;</span> <span class='ocrx_word' id='word_1_336' title='bbox 1353 3809 1377 3853; x_wconf 94' lang='lat' dir='ltr'>in</span> <span class='ocrx_word' id='word_1_337' title='bbox 1389 3808 1421 3855; x_wconf 85' lang='grc' dir='ltr'>ιιι</span> 
     </span>
     <span class='ocr_line' id='line_1_35' title="bbox 217 3872 1421 3933; baseline -0.006 -9"><span class='ocrx_word' id='word_1_338' title='bbox 217 3876 338 3932; x_wconf 80' lang='grc' dir='ltr'>ιιοιιοιιι,”</span> <span class='ocrx_word' id='word_1_339' title='bbox 350 3877 395 3924; x_wconf 75' lang='lat' dir='ltr'>dcc.</span> <span class='ocrx_word' id='word_1_340' title='bbox 835 3872 924 3933; x_wconf 74' lang='lat' dir='ltr'>largest</span> <span class='ocrx_word' id='word_1_341' title='bbox 938 3886 1007 3919; x_wconf 84' lang='lat' dir='ltr'>sense</span> <span class='ocrx_word' id='word_1_342' title='bbox 1023 3888 1106 3919; x_wconf 84' lang='lat' dir='ltr'>means</span> <span class='ocrx_word' id='word_1_343' title='bbox 1116 3873 1150 3919; x_wconf 84' lang='lat' dir='ltr'>all</span> <span class='ocrx_word' id='word_1_344' title='bbox 1160 3872 1254 3919; x_wconf 80' lang='lat' dir='ltr'>thelsw</span> <span class='ocrx_word' id='word_1_345' title='bbox 1271 3872 1299 3917; x_wconf 82' lang='grc' dir='ltr'>οι</span> <span class='ocrx_word' id='word_1_346' title='bbox 1311 3872 1353 3918; x_wconf 91' lang='lat' dir='ltr'>ths</span> <span class='ocrx_word' id='word_1_347' title='bbox 1371 3872 1421 3918; x_wconf 81' lang='lat' dir='ltr'>Ro·</span> 
     </span>
     <span class='ocr_line' id='line_1_36' title="bbox 252 3934 1421 4002; baseline -0.007 -14"><span class='ocrx_word' id='word_1_348' title='bbox 252 3942 290 3988; x_wconf 78' lang='lat'>12.</span> <span class='ocrx_word' id='word_1_349' title='bbox 307 3956 406 3988; x_wconf 73' lang='lat' dir='ltr'>maaet</span> <span class='ocrx_word' id='word_1_350' title='bbox 420 3939 535 4002; x_wconf 67' lang='lat' dir='ltr'>fecerit]</span> <span class='ocrx_word' id='word_1_351' title='bbox 555 3938 640 3987; x_wconf 77' lang='lat' dir='ltr'>Cicero</span> <span class='ocrx_word' id='word_1_352' title='bbox 653 3938 732 3987; x_wconf 72' lang='lat' dir='ltr'>writes</span> <span class='ocrx_word' id='word_1_353' title='bbox 742 3937 803 3985; x_wconf 85' lang='lat' dir='ltr'>both</span> <span class='ocrx_word' id='word_1_354' title='bbox 836 3952 921 3991; x_wconf 65' lang='lat' dir='ltr'>mausz</span> <span class='ocrx_word' id='word_1_355' title='bbox 938 3936 983 3983; x_wconf 86' lang='lat' dir='ltr'>but</span> <span class='ocrx_word' id='word_1_356' title='bbox 994 3936 1081 3983; x_wconf 79' lang='lat' dir='ltr'>tersit</span> <span class='ocrx_word' id='word_1_357' title='bbox 1097 3938 1117 3983; x_wconf 87' lang='lat' dir='ltr'>is</span> <span class='ocrx_word' id='word_1_358' title='bbox 1128 3934 1234 3996; x_wconf 85' lang='lat' dir='ltr'>opposed</span> <span class='ocrx_word' id='word_1_359' title='bbox 1247 3940 1273 3981; x_wconf 88' lang='grc' dir='ltr'>ιο</span> <span class='ocrx_word' id='word_1_360' title='bbox 1285 3938 1291 3962; x_wconf 80' lang='lat'><strong>⁴</strong></span> <span class='ocrx_word' id='word_1_361' title='bbox 1297 3936 1337 3994; x_wconf 89' lang='lat' dir='ltr'>jus</span> <span class='ocrx_word' id='word_1_362' title='bbox 1353 3950 1421 3997; x_wconf 88' lang='lat' dir='ltr'>prse-</span> 
     </span>
     <span class='ocr_line' id='line_1_37' title="bbox 217 3998 1421 4065; baseline -0.004 -13"><span class='ocrx_word' id='word_1_363' title='bbox 217 4009 332 4052; x_wconf 79' lang='lat' dir='ltr'>‘menum</span> <span class='ocrx_word' id='word_1_364' title='bbox 346 4004 441 4061; x_wconf 70' lang='lat' dir='ltr'>facen,&#39;</span> <span class='ocrx_word' id='word_1_365' title='bbox 453 4006 500 4053; x_wconf 76' lang='lat' dir='ltr'>end</span> <span class='ocrx_word' id='word_1_366' title='bbox 518 4010 630 4051; x_wconf 79' lang='lat' dir='ltr'>‘manum</span> <span class='ocrx_word' id='word_1_367' title='bbox 647 4000 803 4065; x_wconf 77' lang='lat' dir='ltr'>comperare,&#39;</span> <span class='ocrx_word' id='word_1_368' title='bbox 835 3998 943 4057; x_wconf 65' lang='lat' dir='ltr'>meum:</span> <span class='ocrx_word' id='word_1_369' title='bbox 954 4000 1002 4047; x_wconf 86' lang='lat' dir='ltr'>and</span> <span class='ocrx_word' id='word_1_370' title='bbox 1020 4000 1063 4047; x_wconf 81' lang='lat' dir='ltr'>has</span> <span class='ocrx_word' id='word_1_371' title='bbox 1080 4016 1095 4047; x_wconf 80' lang='lat' dir='ltr'>a</span> <span class='ocrx_word' id='word_1_372' title='bbox 1114 4012 1232 4047; x_wconf 75' lang='lat' dir='ltr'>narrower</span> <span class='ocrx_word' id='word_1_373' title='bbox 1250 4012 1327 4047; x_wconf 77' lang='lat' dir='ltr'>senes</span> <span class='ocrx_word' id='word_1_374' title='bbox 1367 3998 1421 4047; x_wconf 85' lang='lat' dir='ltr'>The</span> 
     </span>
     <span class='ocr_line' id='line_1_38' title="bbox 217 4056 1422 4131; baseline -0.005 -14"><span class='ocrx_word' id='word_1_375' title='bbox 217 4075 257 4117; x_wconf 80' lang='lat' dir='ltr'>‘to</span> <span class='ocrx_word' id='word_1_376' title='bbox 273 4076 314 4131; x_wconf 73' lang='lat' dir='ltr'>get</span> <span class='ocrx_word' id='word_1_377' title='bbox 324 4085 340 4116; x_wconf 81' lang='lat' dir='ltr'>a</span> <span class='ocrx_word' id='word_1_378' title='bbox 350 4070 414 4131; x_wconf 83' lang='lat' dir='ltr'>body</span> <span class='ocrx_word' id='word_1_379' title='bbox 424 4070 452 4116; x_wconf 82' lang='lat' dir='ltr'>oi</span> <span class='ocrx_word' id='word_1_380' title='bbox 466 4084 522 4118; x_wconf 88' lang='lat' dir='ltr'>men</span> <span class='ocrx_word' id='word_1_381' title='bbox 532 4067 802 4129; x_wconf 63' lang='lat' dir='ltr'>togethch—‘sdoou-</span> <span class='ocrx_word' id='word_1_382' title='bbox 835 4066 962 4113; x_wconf 77' lang='lat' dir='ltr'>dillersncs</span> <span class='ocrx_word' id='word_1_383' title='bbox 968 4064 1075 4111; x_wconf 75' lang='lat' dir='ltr'>between</span> <span class='ocrx_word' id='word_1_384' title='bbox 1084 4064 1127 4111; x_wconf 84' lang='lat' dir='ltr'>the</span> <span class='ocrx_word' id='word_1_385' title='bbox 1137 4056 1266 4111; x_wconf 67' lang='lat' dir='ltr'>‘minues&#39;</span> <span class='ocrx_word' id='word_1_386' title='bbox 1277 4062 1381 4110; x_wconf 74' lang='lat' dir='ltr'>founded</span> <span class='ocrx_word' id='word_1_387' title='bbox 1389 4078 1422 4111; x_wconf 90' lang='lat' dir='ltr'>on</span> 
     </span>
     <span class='ocr_line' id='line_1_39' title="bbox 216 4127 1422 4183; baseline -0.006 -1"><span class='ocrx_word' id='word_1_388' title='bbox 216 4134 331 4183; x_wconf 83' lang='lat' dir='ltr'>stitutum</span> <span class='ocrx_word' id='word_1_389' title='bbox 347 4134 438 4182; x_wconf 66' lang='lat' dir='ltr'>venire</span> <span class='ocrx_word' id='word_1_390' title='bbox 448 4148 533 4181; x_wconf 71' lang='lat' dir='ltr'>menne</span> <span class='ocrx_word' id='word_1_391' title='bbox 552 4138 593 4178; x_wconf 81' lang='lat' dir='ltr'>‘to</span> <span class='ocrx_word' id='word_1_392' title='bbox 603 4146 671 4179; x_wconf 87' lang='lat' dir='ltr'>come</span> <span class='ocrx_word' id='word_1_393' title='bbox 685 4137 712 4179; x_wconf 88' lang='grc' dir='ltr'>ιο</span> <span class='ocrx_word' id='word_1_394' title='bbox 728 4147 743 4178; x_wconf 83' lang='lat' dir='ltr'>a</span> <span class='ocrx_word' id='word_1_395' title='bbox 753 4146 804 4178; x_wconf 80' lang='lat' dir='ltr'>osr-</span> <span class='ocrx_word' id='word_1_396' title='bbox 837 4130 880 4177; x_wconf 85' lang='lat' dir='ltr'>the</span> <span class='ocrx_word' id='word_1_397' title='bbox 899 4128 946 4177; x_wconf 86' lang='lat' dir='ltr'>Jus</span> <span class='ocrx_word' id='word_1_398' title='bbox 964 4128 1047 4181; x_wconf 80' lang='lat' dir='ltr'>Civile,</span> <span class='ocrx_word' id='word_1_399' title='bbox 1056 4128 1081 4174; x_wconf 90' lang='lat' dir='ltr'>in</span> <span class='ocrx_word' id='word_1_400' title='bbox 1098 4130 1130 4175; x_wconf 82' lang='lat' dir='ltr'>its</span> <span class='ocrx_word' id='word_1_401' title='bbox 1147 4142 1265 4175; x_wconf 73' lang='lat' dir='ltr'>narrowsr</span> <span class='ocrx_word' id='word_1_402' title='bbox 1282 4142 1357 4183; x_wconf 86' lang='lat' dir='ltr'>sense,</span> <span class='ocrx_word' id='word_1_403' title='bbox 1374 4127 1422 4175; x_wconf 84' lang='lat' dir='ltr'>end</span> 
     </span>
     <span class='ocr_line' id='line_1_40' title="bbox 216 4190 1422 4261; baseline -0.007 -13"><span class='ocrx_word' id='word_1_404' title='bbox 216 4200 268 4247; x_wconf 76' lang='lat' dir='ltr'>trin</span> <span class='ocrx_word' id='word_1_405' title='bbox 285 4199 353 4261; x_wconf 77' lang='lat' dir='ltr'>plene</span> <span class='ocrx_word' id='word_1_406' title='bbox 369 4206 395 4247; x_wconf 82' lang='lat' dir='ltr'>at</span> <span class='ocrx_word' id='word_1_407' title='bbox 407 4214 423 4246; x_wconf 81' lang='lat' dir='ltr'>a</span> <span class='ocrx_word' id='word_1_408' title='bbox 434 4198 499 4246; x_wconf 83' lang='lat' dir='ltr'>firsd</span> <span class='ocrx_word' id='word_1_409' title='bbox 508 4196 585 4253; x_wconf 82' lang='lat' dir='ltr'>time,&#39;</span> <span class='ocrx_word' id='word_1_410' title='bbox 603 4210 629 4243; x_wconf 79' lang='lat' dir='ltr'>es</span> <span class='ocrx_word' id='word_1_411' title='bbox 646 4196 673 4243; x_wconf 91' lang='lat' dir='ltr'>iu</span> <span class='ocrx_word' id='word_1_412' title='bbox 686 4196 736 4243; x_wconf 83' lang='lat' dir='ltr'>thie</span> <span class='ocrx_word' id='word_1_413' title='bbox 750 4209 805 4243; x_wconf 80' lang='lat' dir='ltr'>csse</span> <span class='ocrx_word' id='word_1_414' title='bbox 836 4192 1017 4242; x_wconf 82' lang='lat' dir='ltr'>the‘sctionse&#39;</span> <span class='ocrx_word' id='word_1_415' title='bbox 1026 4190 1422 4251; x_wconf 68' lang='lat' dir='ltr'>whichhsdsdilisrsntoriglu,is</span> 
     </span>
     <span class='ocr_line' id='line_1_41' title="bbox 217 4254 1422 4320; baseline -0.007 -9"><span class='ocrx_word' id='word_1_416' title='bbox 217 4268 262 4311; x_wconf 85' lang='lat' dir='ltr'>‘ut</span> <span class='ocrx_word' id='word_1_417' title='bbox 279 4264 387 4311; x_wconf 86' lang='lat' dir='ltr'>moribus</span> <span class='ocrx_word' id='word_1_418' title='bbox 404 4263 515 4311; x_wconf 86' lang='lat' dir='ltr'>deductio</span> <span class='ocrx_word' id='word_1_419' title='bbox 537 4260 622 4309; x_wconf 67' lang='lat' dir='ltr'>fleret?</span> <span class='ocrx_word' id='word_1_420' title='bbox 655 4260 739 4307; x_wconf 81' lang='lat' dir='ltr'>Cicero</span> <span class='ocrx_word' id='word_1_421' title='bbox 761 4259 804 4307; x_wconf 81' lang='lat' dir='ltr'>hes</span> <span class='ocrx_word' id='word_1_422' title='bbox 836 4258 963 4320; x_wconf 82' lang='lat' dir='ltr'>explained</span> <span class='ocrx_word' id='word_1_423' title='bbox 973 4259 997 4304; x_wconf 92' lang='lat' dir='ltr'>in</span> <span class='ocrx_word' id='word_1_424' title='bbox 1006 4258 1061 4305; x_wconf 90' lang='lat' dir='ltr'>Vol.</span> <span class='ocrx_word' id='word_1_425' title='bbox 1072 4256 1230 4309; x_wconf 79' lang='lat' dir='ltr'>LErcursus.</span> <span class='ocrx_word' id='word_1_426' title='bbox 1241 4254 1422 4318; x_wconf 77' lang='lat' dir='ltr'>EdictaMegis·</span> 
     </span>
     <span class='ocr_line' id='line_1_42' title="bbox 216 4320 1422 4391; baseline -0.007 -14"><span class='ocrx_word' id='word_1_427' title='bbox 216 4328 260 4377; x_wconf 82' lang='lat' dir='ltr'>the</span> <span class='ocrx_word' id='word_1_428' title='bbox 270 4330 409 4391; x_wconf 83' lang='lat' dir='ltr'>expression</span> <span class='ocrx_word' id='word_1_429' title='bbox 422 4328 467 4375; x_wconf 77' lang='lat' dir='ltr'>‘ad</span> <span class='ocrx_word' id='word_1_430' title='bbox 478 4324 651 4375; x_wconf 85' lang='lat' dir='ltr'>constitutnm’</span> <span class='ocrx_word' id='word_1_431' title='bbox 663 4324 689 4370; x_wconf 89' lang='lat' dir='ltr'>iu</span> <span class='ocrx_word' id='word_1_432' title='bbox 702 4340 718 4371; x_wconf 81' lang='lat' dir='ltr'>a</span> <span class='ocrx_word' id='word_1_433' title='bbox 732 4324 804 4371; x_wconf 81' lang='lat' dir='ltr'>letter</span> <span class='ocrx_word' id='word_1_434' title='bbox 835 4329 951 4371; x_wconf 83' lang='lat' dir='ltr'>tretuuur.</span> <span class='ocrx_word' id='word_1_435' title='bbox 986 4322 1088 4383; x_wconf 74' lang='lat' dir='ltr'>flavigny</span> <span class='ocrx_word' id='word_1_436' title='bbox 1101 4320 1296 4381; x_wconf 84' lang='lat' dir='ltr'>(DasRechtder</span> <span class='ocrx_word' id='word_1_437' title='bbox 1308 4320 1422 4380; x_wconf 78' lang='lat' dir='ltr'>Bseitees,</span> 
     </span>
     <span class='ocr_line' id='line_1_43' title="bbox 216 4386 1423 4454; baseline -0.006 -13"><span class='ocrx_word' id='word_1_438' title='bbox 216 4399 244 4441; x_wconf 87' lang='grc' dir='ltr'>ιο</span> <span class='ocrx_word' id='word_1_439' title='bbox 256 4394 360 4441; x_wconf 78' lang='lat' dir='ltr'>Atticus.</span> <span class='ocrx_word' id='word_1_440' title='bbox 395 4394 435 4441; x_wconf 85' lang='lat' dir='ltr'>Hs</span> <span class='ocrx_word' id='word_1_441' title='bbox 450 4392 541 4454; x_wconf 76' lang='lat' dir='ltr'>myrin</span> <span class='ocrx_word' id='word_1_442' title='bbox 554 4406 570 4438; x_wconf 83' lang='lat' dir='ltr'>a</span> <span class='ocrx_word' id='word_1_443' title='bbox 581 4390 652 4437; x_wconf 78' lang='lat' dir='ltr'>letter</span> <span class='ocrx_word' id='word_1_444' title='bbox 667 4395 693 4436; x_wconf 84' lang='lat' dir='ltr'>to</span> <span class='ocrx_word' id='word_1_445' title='bbox 710 4388 804 4436; x_wconf 79' lang='lat' dir='ltr'>Marius</span> <span class='ocrx_word' id='word_1_446' title='bbox 838 4390 890 4448; x_wconf 66' lang='grc'>57)</span> <span class='ocrx_word' id='word_1_447' title='bbox 902 4386 1088 4449; x_wconf 54' lang='lat' dir='ltr'>expleturum</span> <span class='ocrx_word' id='word_1_448' title='bbox 1098 4386 1175 4433; x_wconf 84' lang='lat' dir='ltr'>words</span> <span class='ocrx_word' id='word_1_449' title='bbox 1187 4386 1257 4433; x_wconf 80' lang='lat' dir='ltr'>thus:</span> <span class='ocrx_word' id='word_1_450' title='bbox 1274 4388 1290 4415; x_wconf 72' lang='lat'>‘⁶</span> <span class='ocrx_word' id='word_1_451' title='bbox 1299 4386 1359 4433; x_wconf 89' lang='lat' dir='ltr'>thou</span> <span class='ocrx_word' id='word_1_452' title='bbox 1368 4386 1423 4434; x_wconf 86' lang='lat' dir='ltr'>hest</span> 
     </span>
     <span class='ocr_line' id='line_1_44' title="bbox 218 4449 1424 4521; baseline -0.004 -16"><span class='ocrx_word' id='word_1_453' title='bbox 218 4456 269 4521; x_wconf 78' lang='lat' dir='ltr'>(Ad</span> <span class='ocrx_word' id='word_1_454' title='bbox 275 4458 342 4506; x_wconf 80' lang='lat' dir='ltr'>Fam.</span> <span class='ocrx_word' id='word_1_455' title='bbox 349 4458 390 4506; x_wconf 80' lang='lat' dir='ltr'>vii.</span> <span class='ocrx_word' id='word_1_456' title='bbox 398 4457 435 4521; x_wconf 81' lang='grc' dir='ltr'>ι),</span> <span class='ocrx_word' id='word_1_457' title='bbox 443 4452 805 4520; x_wconf 82' lang='lat' dir='ltr'>“qnaresiqnodoonstitntum</span> <span class='ocrx_word' id='word_1_458' title='bbox 836 4452 952 4500; x_wconf 82' lang='lat' dir='ltr'>neithera</span> <span class='ocrx_word' id='word_1_459' title='bbox 961 4451 1094 4499; x_wconf 77' lang='lat' dir='ltr'>vindicatio</span> <span class='ocrx_word' id='word_1_460' title='bbox 1105 4466 1150 4498; x_wconf 86' lang='lat' dir='ltr'>nor</span> <span class='ocrx_word' id='word_1_461' title='bbox 1161 4466 1192 4497; x_wconf 84' lang='lat' dir='ltr'>an</span> <span class='ocrx_word' id='word_1_462' title='bbox 1204 4449 1347 4500; x_wconf 83' lang='lat' dir='ltr'>Interdict.”</span> <span class='ocrx_word' id='word_1_463' title='bbox 1371 4451 1424 4500; x_wconf 81' lang='lat' dir='ltr'>&#39;l&#39;h&#39;c</span> 
     </span>
     <span class='ocr_line' id='line_1_45' title="bbox 435 4516 1423 4587; baseline -0.005 -16"><span class='ocrx_word' id='word_1_464' title='bbox 435 4519 535 4574; x_wconf 60' lang='lat' dir='ltr'>how</span> <span class='ocrx_word' id='word_1_465' title='bbox 569 4518 689 4587; x_wconf 77' lang='lat' dir='ltr'>Compare</span> <span class='ocrx_word' id='word_1_466' title='bbox 708 4518 755 4575; x_wconf 76' lang='lat' dir='ltr'>l’ro</span> <span class='ocrx_word' id='word_1_467' title='bbox 776 4517 806 4565; x_wconf 83' lang='grc' dir='ltr'>Ρ.</span> <span class='ocrx_word' id='word_1_468' title='bbox 837 4516 994 4564; x_wconf 76' lang='lat' dir='ltr'>‘vindicatio’</span> <span class='ocrx_word' id='word_1_469' title='bbox 1007 4532 1054 4565; x_wconf 71' lang='lat' dir='ltr'>ses</span> <span class='ocrx_word' id='word_1_470' title='bbox 1065 4516 1097 4579; x_wconf 82' lang='lat' dir='ltr'>by</span> <span class='ocrx_word' id='word_1_471' title='bbox 1105 4516 1147 4565; x_wconf 82' lang='lat' dir='ltr'>the</span> <span class='ocrx_word' id='word_1_472' title='bbox 1157 4516 1204 4565; x_wconf 86' lang='lat' dir='ltr'>Jus</span> <span class='ocrx_word' id='word_1_473' title='bbox 1215 4516 1309 4565; x_wconf 85' lang='lat' dir='ltr'>Civile:</span> <span class='ocrx_word' id='word_1_474' title='bbox 1326 4516 1369 4566; x_wconf 81' lang='lat' dir='ltr'>the</span> <span class='ocrx_word' id='word_1_475' title='bbox 1380 4516 1423 4567; x_wconf 87' lang='lat' dir='ltr'>ln·</span> 
     </span>
     <span class='ocr_line' id='line_1_46' title="bbox 837 4580 1243 4646; baseline -0.007 -12"><span class='ocrx_word' id='word_1_476' title='bbox 837 4580 925 4634; x_wconf 65' lang='lat' dir='ltr'>tudict</span> <span class='ocrx_word' id='word_1_477' title='bbox 935 4581 967 4646; x_wconf 75' lang='lat' dir='ltr'>by</span> <span class='ocrx_word' id='word_1_478' title='bbox 978 4582 1020 4631; x_wconf 80' lang='lat' dir='ltr'>the</span> <span class='ocrx_word' id='word_1_479' title='bbox 1030 4581 1076 4632; x_wconf 86' lang='lat' dir='ltr'>Jus</span> <span class='ocrx_word' id='word_1_480' title='bbox 1088 4580 1243 4633; x_wconf 70' lang='lat' dir='ltr'>Praetorium.</span> 
     </span>
    </p>
   </div>
   <div class='ocr_carea' id='block_1_6' title="bbox 789 4649 852 4725">
    <p class='ocr_par' dir='ltr' id='par_1_7' title="bbox 789 4649 852 4725">
     <span class='ocr_line' id='line_1_47' title="bbox 789 4649 852 4725; baseline -0.143 0"><span class='ocrx_word' id='word_1_481' title='bbox 789 4649 852 4725; x_wconf 71' lang='lat'>1³2</span> 
     </span>
    </p>
   </div>
   <div class='ocr_carea' id='block_1_7' title="bbox 0 0 1766 5325">
    <p class='ocr_par' dir='ltr' id='par_1_8' title="bbox 0 0 1766 5325">
     <span class='ocr_line' id='line_1_48' title="bbox 0 0 1766 5325; baseline 0 0"><span class='ocrx_word' id='word_1_482' title='bbox 0 0 1766 5325; x_wconf 95' lang='lat' dir='ltr'> </span> 
     </span>
    </p>
   </div>
  </div>
 </body>
</html>
