3517 5325
697 493 799 561 OAP.
823 497 962 562 53—55.
1370 501 1432 566 159

226 664 394 731 caussam!
438 663 523 746 Quid
550 670 588 729 ut
616 665 828 751 proficerent!
872 664 934 746 Qui
967 663 1170 751 comperisti?
1214 665 1260 732 Et
1292 673 1329 732 ut
1364 689 1432 732 rom

226 761 428 850 perspicuam
452 783 546 847 quam
571 763 771 848 paucissimis
795 762 901 826 verbis
925 784 1031 847 agam„
1053 763 1192 828 dubitari
1222 765 1282 828 hoc
1311 771 1430 851 potest,

227 861 493 945 Recuperatores,
517 859 583 923 utri
604 882 805 946 oppugnasse
819 861 996 939 videantur,
1013 859 1067 946 qui
1089 861 1131 924 ed
1147 861 1251 924 villam
1266 870 1429 940 venerunt,

227 981 269 1023 un
284 957 338 1044 qui
353 957 386 1020 iu
400 956 473 1020 villa
487 960 693 1022 mansemnti
714 957 768 1043 qui
783 958 879 1022 occisi
895 965 981 1034 sunt,
997 980 1038 1022 an
1053 957 1075 1021 ii
1090 981 1130 1022 ex
1145 980 1279 1044 quorum
1301 981 1432 1023 numero

226 1056 356 1120 saucius
370 1055 477 1119 iactus
492 1061 542 1118 est
556 1057 671 1120 nemoi
693 1055 748 1141 qui
762 1077 819 1136 cur
832 1054 975 1120 facerent
989 1077 1103 1121 caussa
1118 1055 1265 1134 nonfuit,
1284 1078 1326 1120 an
1341 1055 1363 1120 ii
1379 1057 1432 1142 qui

227 1155 343 1220 iecisse
357 1175 391 1217 se
406 1153 622 1218 confitentur?

273 1251 396 1314 Vemm
410 1258 448 1314 ut
462 1250 524 1314 hoo
538 1249 599 1314 tibi
614 1250 750 1329 credam,
766 1248 918 1314 metuisse
932 1255 966 1315 te
980 1271 1021 1313 ne
1042 1271 1268 1336 oppugnarem,
1286 1249 1358 1335 quis
1371 1249 1433 1314 hoo

229 1349 346 1416 statuit
370 1337 521 1434 unquam,
545 1355 603 1412 aut
631 1347 681 1414 cui
710 1347 843 1412 concedi
872 1347 941 1410 sinc
970 1369 1093 1412 summo
1122 1348 1263 1412 omnium
1292 1345 1434 1433 periculo

228 1453 347 1534 potest,
362 1453 400 1510 ut
421 1466 493 1509 eum
511 1445 584 1530 jure
607 1444 749 1530 potuerit
770 1445 926 1524 occidere,
949 1465 970 1508 a
991 1465 1054 1530 quo
1074 1445 1226 1510 metuisse
1240 1467 1276 1510 se
1291 1445 1434 1510 dicatus

229 1545 298 1632 ipse
313 1543 473 1629 posterius
488 1541 709 1608 occideretur?

670 1679 774 1743 Ootcro
788 1677 1009 1743 desiderantur.

264 1865 305 1911 oo.
329 1861 402 1924 villa]
434 1862 495 1912 eod.
518 1861 815 1911 ormam-‘nuciam'
847 1862 895 1910 hoo
916 1861 1001 1910 statuit
1012 1895 1117 1910 ......
1128 1861 1290 1910 occideretur'
1311 1876 1352 1910 ars
1371 1861 1433 1910 from

231 1927 293 1977 cod.
315 1927 542 1977 ‘nussim-Tho
562 1928 610 1977 lest
630 1927 716 1987 words,
740 1927 816 1980 'Quia
848 1927 991 1988 Quintilian,
1004 1927 1065 1976 lust.
1077 1927 1121 1976 Or.
1132 1943 1155 1976 v.
1170 1928 1207 1986 1³,
1220 1929 1260 1978 21.
