3517 5325
753 473 855 540 OAP.
877 479 931 555 32,
948 479 1000 542 33.
1394 481 1458 548 237

254 642 401 720 Caecina,
418 663 516 728 quum
538 641 687 709 circuiret
705 645 846 731 praedia,
862 646 951 712 venit
974 645 1008 710 in
1030 645 1128 712 istum
1152 647 1293 726 fundum,
1316 649 1458 716 rationes

252 763 274 804 a
295 741 409 806 colono
433 741 571 826 aecepit.
616 742 700 808 Sunt
722 743 755 807 in
768 766 841 809 eam
859 766 928 808 rem
950 743 1144 810 testimonia.
1191 744 1312 812 Postea
1334 769 1390 812 cur
1409 757 1454 827 tu,

253 839 385 918 Aebuti,
403 839 443 904 de
466 839 531 904 isto
553 840 660 925 potius
682 841 780 906 fundo
800 863 897 928 quarn
920 842 960 906 de
983 843 1055 921 alio,
1083 842 1110 906 si
1134 865 1227 928 quem
1242 844 1349 924 habes,
1379 845 1457 910 an-

253 937 345 1002 einae
359 937 582 1015 denuntiabas,
594 938 622 1001 si
633 939 771 1004 Caecina
784 963 848 1004 non
863 941 1069 1026 possidebat?
1124 939 1198 1026 Ipse
1214 963 1309 1026 porro
1321 942 1458 1008 ancina

254 1057 365 1100 curse
378 1035 520 1098 moribus
545 1035 660 1100 deduci
674 1037 811 1115 volebat,
839 1037 934 1123 idque
960 1037 1019 1102 tibi
1043 1038 1082 1102 de
1105 1036 1287 1120 amicorum,
1305 1039 1401 1104 etiam
1417 1041 1457 1105 de

253 1133 353 1219 ipsius
369 1131 402 1196 0.
420 1133 551 1218 Aquillii
565 1134 726 1199 sententia
739 1136 970 1222 responderatl

299 1231 484 1296 XXXIII.
509 1233 559 1296 At
572 1232 658 1296 enim
673 1232 761 1297 Sulla
775 1234 881 1320 legem
896 1235 982 1300 tulit.
1021 1234 1070 1299 Ut
1086 1233 1163 1298 nihil
1179 1233 1218 1298 de
1233 1233 1287 1298 illo
1302 1242 1457 1321 tempore,

254 1328 336 1406 nihil
346 1330 385 1394 de
400 1329 583 1395 calamitate
598 1329 644 1394 rei
660 1330 804 1416 publicae
820 1354 943 1417 querar,
960 1334 1020 1398 hoc
1035 1332 1095 1398 tibi
1114 1333 1300 1418 respondeo,
1317 1334 1458 1420 adscrip-

254 1426 334 1490 sisse
360 1427 494 1492 eundem
518 1429 640 1492 Sullam
669 1428 703 1491 in
728 1429 860 1494 eandem
886 1431 998 1517 legem,
1017 1451 1046 1494 s1
1071 1451 1153 1498 aura
1177 1449 1234 1493 sos
1258 1451 1328 1494 non
1352 1453 1456 1496 asser

256 1544 602 1598 rossemannum
626 1546 717 1588 aeon
741 1547 897 1590 rvrrrranar
922 1549 1098 1592 eoosrura.
1145 1525 1228 1607 Quid
1243 1536 1293 1592 est
1308 1529 1392 1614 quod
1403 1529 1458 1614 jus

254 1621 386 1699 nonsit,
403 1622 487 1707 quod
501 1623 638 1709 populus
648 1623 763 1708 jubere
776 1634 834 1690 aut
847 1633 956 1690 vetare
971 1647 1034 1689 non
1050 1625 1174 1710 possiti
1213 1625 1262 1690 Ut
1278 1647 1318 1690 ne
1333 1626 1458 1710 longius

255 1719 378 1794 abeam,
392 1719 536 1784 declarat
558 1721 623 1786 ista
643 1721 819 1807 adscriptio
841 1743 912 1786 ease
934 1723 1063 1808 aliquid.
1109 1721 1193 1786 Nam
1208 1721 1268 1786 nisi
1283 1730 1379 1800 esset,
1397 1724 1458 1788 hoo

255 1816 288 1880 in
303 1816 449 1881 omnibus
463 1817 585 1904 legibus
599 1841 664 1884 non
677 1820 923 1885 adscriberetur.
969 1820 1033 1884 Sed
1048 1842 1164 1906 quaero
1179 1821 1237 1884 abs
1251 1829 1294 1900 te,
1312 1827 1457 1907 putesne,

254 1913 282 1978 si
306 1915 440 2000 populus
461 1916 595 2001 jusserit
617 1939 668 1980 me
693 1925 794 1996 tuum,
815 1923 874 1982 aut
897 1917 974 1982 item
996 1924 1029 1982 te
1049 1939 1154 1981 meum
1173 1940 1300 1982 servum
1320 1940 1399 1997 esso,
1425 1917 1458 1982 id

252 2013 378 2098 jussum
400 2021 505 2077 ratum
530 2027 627 2100 atque
652 2014 779 2080 firmum
802 2014 967 2080 futurum!
1013 2014 1172 2100 Perspicis
1198 2016 1258 2080 hoo
1282 2015 1359 2079 nihil
1386 2037 1458 2080 esse

258 2108 331 2194 [‚ut
345 2111 378 2176 in
392 2111 519 2189 ceteris,
543 2134 625 2197 quae
648 2113 803 2198 rogavitJ.
848 2113 992 2177 Primum
1007 2112 1083 2176 illud
1107 2113 1264 2190 concedis,
1281 2136 1344 2178 non
1368 2114 1459 2200 quid·

257 2209 331 2292 quid
353 2209 488 2296 populus
507 2209 641 2292 jusserit
662 2219 770 2275 ratum
792 2232 864 2275 esse
888 2219 1057 2295 oportere:
1087 2210 1200 2274 deinde
1223 2211 1300 2274 nihil
1324 2212 1458 2276 rationis

256 2306 349 2370 affers
363 2307 616 2393 quamobremsi
630 2307 762 2374 libertas
774 2308 871 2372 adimi
885 2307 1078 2372 nullomodo
1090 2308 1201 2392 possit,
1218 2307 1331 2371 civitae
1346 2307 1456 2392 possit.

258 2403 341 2468 Nam
355 2414 389 2470 et
404 2406 515 2470 eodem
529 2406 623 2468 modo
639 2405 678 2468 de
693 2413 828 2489 utraque
843 2427 877 2468 re
892 2405 1047 2470 traditum
1063 2404 1155 2468 nobis
1177 2413 1237 2480 est,
1255 2413 1288 2468 et
1310 2404 1337 2468 si
1361 2405 1459 2468 sernel

256 2502 367 2568 civitas
381 2505 476 2569 adimi
491 2513 609 2589 potest,
626 2503 756 2568 retineri
770 2503 902 2566 libertas
925 2525 988 2566 non
1010 2511 1129 2588 potest.
1176 2501 1236 2582 Qui
1252 2502 1335 2566 enim
1351 2511 1458 2588 potest

255 2703 317 2751 aion.
359 2702 463 2764 flavigny
484 2701 596 2749 observes
615 2703 678 2762 (Das
700 2702 781 2751 Recht
795 2702 839 2751 dea
868 2708 897 2751 to
913 2700 1053 2763 girealex
1070 2701 1195 2763 perpetual
1209 2700 1281 2757 forsa,
1296 2700 1459 2764 byimposing

256 2768 373 2822 Iteaitzes,
384 2782 408 2827 p.
420 2766 495 2828 82⁰):
514 2767 590 2814 “hovv
602 2767 664 2815 little
675 2766 759 2814 Cicero
769 2767 839 2814 relies
870 2783 887 2815 a
897 2767 994 2829 penalty
1003 2781 1034 2814 oa
1046 2766 1088 2813 the
1099 2780 1215 2828 proposes
1226 2766 1254 2815 oi
1262 2782 1309 2829 any
1318 2766 1369 2814 Lea
1380 2766 1459 2815 vvhich

255 2846 288 2878 on
310 2830 352 2879 the
373 2831 441 2877 irath
465 2830 492 2877 oi
511 2831 549 2878 his
569 2831 717 2893 proposition
740 2846 842 2893 appears
874 2830 959 2879 should
972 2830 1203 2892 repealthelormer
1215 2830 1335 2887 Ianthis
1346 2831 1415 2879 could
1428 2830 1459 2879 be

255 2895 318 2942 from
329 2895 383 2942 that
390 2895 467 2943 vvhich
478 2895 510 2943 he
520 2894 583 2942 finds
594 2896 614 2943 it
624 2910 748 2958 neesuary
758 2900 785 2943 to
795 2895 842 2943 add
873 2895 964 2943 evadsd
976 2895 1006 2957 by
1013 2896 1135 2957 repeating
1145 2895 1187 2941 the
1197 2894 1285 2943 former
1297 2895 1348 2943 Lex
1358 2896 1405 2943 and
1417 2895 1459 2943 tha

255 2960 417 3022 immediately
428 2960 453 3007 in
464 2960 506 3007 the
515 2959 638 3021 following
648 2960 726 3008 verda
737 2960 843 3009 ‘Deinde
874 2960 971 3023 penalty
982 2965 1008 3007 at
1019 2960 1061 3007 tha
1075 2974 1141 3007 same
1157 2960 1224 3014 nme.
1235 2975 1262 3007 as
1273 2960 1357 3007 Cicero
1368 2974 1422 3021 ssyv
1432 2960 1459 3009 ia

254 3025 307 3087 ipsa
318 3022 459 3081 Caecina,'''
471 3030 515 3072 tre.
872 3024 1072 3073 thesavnelettert
1083 3024 1223 3071 “Scisenim
1229 3024 1339 3073 CIodIam
1344 3025 1458 3081 sabamae,

289 3090 319 3137 de
329 3088 696 3151 animm-nepotiani]
715 3089 775 3137 This
786 3104 841 3151 pas·
873 3089 1458 3151 ntvixautomninononpossetnecpersenatum

256 3154 840 3281 neheometiiinttint
870 3154 1458 3281 :nonantfflntnini

256 3283 411 3343 responderat
424 3282 644 3345 [†etaeqanm].”
870 3284 949 3345 legum
959 3298 1020 3345 quae
1027 3282 1206 3345 abrogarentur.
1239 3282 1457 3340 Nam,siideaset,

289 3349 329 3397 33.
346 3348 382 3396 Ae
396 3350 460 3396 enim
473 3349 620 3405 &a-Qaid
631 3352 668 3396 eat
684 3347 742 3410 dra]
760 3346 840 3396 'I'heaa
871 3348 939 3395 nulla
949 3348 998 3395 sere
1009 3347 1117 3409 abrogari
1129 3352 1225 3409 posset=
1243 3363 1322 3410 neque
1333 3348 1395 3395 enirn
1408 3348 1456 3395 ulla

256 3427 297 3459 are
319 3417 367 3459 tvvo
389 3413 512 3475 questions
532 3412 561 3459 of
580 3410 686 3460 cicero'a
706 3417 839 3475 opponent.
870 3418 908 3461 ast
930 3427 991 3475 quse
1012 3427 1063 3463 aon
1084 3413 1137 3475 ipsa
1158 3426 1184 3459 se
1206 3413 1297 3474 saepiat
1318 3412 1458 3461 difficultate

256 3475 309 3523 'Ibe
327 3476 378 3523 Lex
394 3476 416 3523 is
434 3476 521 3523 Salla's
539 3478 590 3524 Lex
608 3476 683 3525 abent
699 3476 783 3538 taking
797 3478 839 3525 the
870 3477 1045 3539 abnegationis:
1063 3476 1104 3525 sed
1115 3492 1190 3539 qaum
1201 3476 1239 3525 lex
1250 3476 1387 3538 abrogatur,
1398 3478 1458 3525 illud
1529 3494 1535 3503 ·

258 3540 443 3588 ‘eivitaa’trom
453 3542 673 3598 theVolaterrani;
689 3542 738 3590 and
755 3542 839 3590 Cieero
871 3542 951 3603 ipsum
978 3542 1107 3603 abrogatur
1134 3556 1182 3604 quo
1206 3556 1254 3589 non
1277 3557 1329 3589 eam
1348 3542 1459 3601 abrogari

257 3606 365 3665 explains
376 3606 429 3667 vhy
440 3606 489 3653 this
499 3606 569 3653 could
580 3612 623 3653 not
636 3605 748 3653 bedone.
782 3605 840 3669 (See
872 3606 1007 3669 oporteat.”
1028 3605 1156 3655 ‘Sanctio'
1168 3606 1189 3653 is
1199 3606 1324 3666 explained
1335 3607 1360 3653 in
1372 3606 1426 3653 Vol.
1438 3606 1459 3654 I.

257 3684 279 3716 e.
296 3669 332 3731 7.)
372 3669 426 3717 The
446 3670 550 3719 somnia
571 3671 612 3719 ‘Si
629 3670 702 3733 qaid'
725 3676 769 3719 &a
792 3686 841 3718 vvas
873 3670 980 3719 Ver-nii.
995 3670 1354 3731 l.o.42.—‘inaademlege,'
1368 3670 1457 3719 Baiter.

258 3733 341 3795 placed
352 3739 377 3781 at
388 3734 430 3781 the
445 3735 491 3782 end
505 3734 534 3783 ol
547 3750 562 3781 a
579 3735 647 3790 Len
663 3750 692 3782 or
705 3736 841 3795 something
907 3734 1144 3797 majorentes]
1163 3734 1258 3782 Thatis
1270 3734 1349 3796 ‘qaod
1357 3734 1399 3795 jas
1410 3748 1459 3781 non

257 3798 500 3847 tothaaarneetlect.
532 3798 845 3861 Apasaageinaletterof
874 3798 1013 3860 aitrogsri.'

257 3862 341 3911 Cicero
365 3868 391 3909 to
412 3864 507 3911 Atticus
531 3861 576 3926 (iii.
599 3862 643 3924 2³)
664 3864 771 3924 explains
793 3864 841 3911 this
905 3867 934 3910 rel
952 3861 1162 3922 incomitatam]
1181 3860 1458 3921 Thetextisoorrapt,

257 3927 374 3975 formala:
393 3928 443 3974 “ni
458 3928 516 3990 pald
529 3929 555 3974 in
569 3928 615 3975 hae
630 3928 753 3989 rogatione
766 3928 840 3989 amip-
872 3927 921 3975 and
932 3926 1023 3987 though
1035 3927 1077 3973 the
1089 3926 1227 3985 meaningIs
1238 3932 1282 3971 not
1290 3923 1408 3981 doubtful,
1418 3924 1460 3973 the

257 3992 433 4053 tamestqaod
444 4008 488 4053 per
501 3992 566 4052 leges
582 3992 687 4053 plebisve
702 3993 840 4039 scitam.
872 3990 951 4038 vrords
970 4005 1018 4038 are.
1052 3990 1134 4037 Baiter
1155 3990 1242 4044 writes,
1263 3988 1395 4049 ‘Perspicis
1414 3988 1460 4037 boc

257 4056 415 4118 promulgas.
436 4056 559 4115 abrogare,
577 4056 699 4117 derogare,
717 4056 841 4116 obrogare,
873 4056 934 4103 nihil
945 4070 997 4102 esse
1008 4060 1033 4103 et
1044 4054 1138 4102 lateiiu
1156 4067 1205 4115 qua
1214 4053 1273 4100 inre
1284 4053 1388 4115 primum
1399 4052 1460 4100 illud

257 4136 278 4168 a.
286 4120 304 4168 i.
313 4120 375 4183 (sine
386 4120 479 4181 frande)
491 4134 535 4167 sua
541 4134 589 4167 aon
596 4120 674 4175 liceat,
683 4134 732 4167 non
739 4121 840 4176 licuerit,
873 4118 1001 4168 enneadis!

258 4186 438 4248 qnodveeiqai
449 4184 615 4247 promulgavit,
629 4184 759 4245 abrogavit,
771 4184 841 4231 dero·
906 4183 1079 4243 civitas—jare
1099 4180 1245 4242 Quiritium]
1263 4180 1316 4229 'I'he
1332 4179 1460 4229 differens

257 4252 330 4312 gavit,
343 4249 475 4310 obrogavit,
491 4247 523 4295 ob
540 4263 593 4295 eam
609 4263 660 4293 rem
675 4263 765 4309 poena·
780 4248 842 4295 mul·
875 4248 983 4296 betvveen
994 4248 1047 4307 ‘jas
1058 4244 1173 4293 eivitatis’
1188 4246 1236 4292 and
1251 4246 1302 4306 ‘jas
1314 4244 1459 4297 Quirinum'

257 4322 328 4363 taeve
344 4316 383 4370 sit.
400 4330 420 4361 a.
434 4314 457 4360 h.
469 4314 485 4361 l.
498 4328 523 4359 n.
534 4328 555 4359 r.
573 4310 635 4373 (ejus
650 4312 696 4359 hac
713 4312 766 4371 lege
784 4313 843 4361 nihil
875 4314 954 4360 ivnot
969 4311 1056 4372 clearly
1067 4309 1218 4359 established.
1250 4310 1335 4359 Under
1351 4309 1393 4357 the
1407 4325 1459 4357 em·

257 4378 392 4441 rogatur).”
425 4378 484 4425 This
502 4392 551 4424 was
567 4392 599 4424 an
617 4381 721 4437 attempt
738 4382 764 4422 to
781 4376 843 4423 limit
874 4377 926 4439 pira
942 4376 1009 4423 there
1023 4390 1071 4422 was
1090 4389 1122 4422 no
1140 4374 1274 4421 differente.
1308 4374 1360 4423 Tha
1379 4374 1459 4421 differ-

257 4444 301 4491 the
311 4459 390 4505 povrer
401 4443 428 4490 ol
441 4458 457 4490 a
472 4442 615 4503 legislatore,
626 4440 842 4488 vvhiehisabsard.
874 4456 932 4488 enoe
943 4440 1033 4489 existed
1043 4438 1069 4487 in
1081 4438 1123 4485 the
1134 4438 1198 4499 early
1208 4440 1287 4487 times.
1321 4438 1402 4497 Klots,
1414 4440 1459 4487 iol·

258 4509 307 4556 For
320 4508 362 4555 the
376 4509 500 4567 sovereign
510 4520 590 4569 povver
600 4520 645 4553 ean
659 4505 763 4553 anmahe
773 4520 789 4552 a
797 4505 843 4551 lavv
874 4506 962 4565 lovring
973 4504 1063 4561 others,
1077 4504 1165 4551 affirma
1176 4504 1269 4565 eaaotly
1282 4503 1323 4551 the
1339 4508 1459 4565 conhary,

257 4572 501 4621 maellasmakeit.
535 4570 843 4633 Ilaaattemptvvasmads
874 4570 929 4619 that
949 4569 992 4619 the
1008 4569 1054 4619 Jus
1073 4568 1204 4623 Qniritium
1222 4568 1269 4619 aad
1286 4568 1333 4617 Jua
1350 4567 1459 4619 enitatis
