3517 5325
674 481 849 550 nanmo
873 482 977 549 ese.
999 486 1028 564 c,
1049 483 1082 570 r.
1408 491 1468 554 ιιι

265 661 350 734 sunt,
373 653 512 732 ferenda,
540 675 621 739 quae
649 655 760 730 taceri,
784 656 922 719 tacenda
947 677 1018 720 esse
1037 656 1186 720 arbitror.
1234 656 1322 720 Nihil
1347 657 1473 723 invita

265 756 345 820 vidit
360 753 552 818 calamitatis
568 755 610 817 A.
628 753 801 830 Cluentius,
818 753 938 816 nullum
960 753 1134 838 periculum
1151 755 1264 818 mortis
1285 755 1376 833 adiit,
1392 757 1471 820 nihil

264 853 338 916 mali
354 853 471 929 timuit,
488 852 574 937 quod
589 873 652 915 non
669 859 773 915 totum
787 873 808 914 a
822 859 925 914 matre
940 861 1026 916 esset
1041 853 1213 916 conflatum
1228 860 1262 916 et
1280 854 1469 938 proiectum.

266 950 356 1030 Quae
371 951 432 1014 hoc
447 958 592 1034 tempore
607 949 715 1014 sileret
731 949 845 1027 omnia,
862 958 959 1035 atque
980 972 1028 1029 ea,
1044 951 1072 1014 si
1087 950 1245 1014 oblivione
1266 973 1331 1014 non
1350 961 1468 1036 posset,

264 1057 372 1114 tamen
386 1047 609 1113 taciturnitate
624 1069 682 1110 sua
695 1055 786 1112 tecta
799 1069 870 1112 esse
884 1055 1071 1132 pateretur;
1096 1048 1235 1111 sedvero
1250 1048 1296 1111 sic
1311 1049 1420 1134 agitur
1433 1059 1471 1114 nt

264 1167 395 1231 prorsus
410 1144 540 1210 reticeri
556 1144 642 1208 nullo
657 1145 751 1208 modo
767 1145 878 1230 possit.
927 1144 1001 1208 Hoc
1016 1145 1099 1209 enim
1113 1145 1218 1230 ipsum
1228 1145 1393 1229 judicium,
1409 1147 1471 1210 hoc

264 1245 447 1330 periculum,
473 1243 526 1306 illa
545 1243 718 1320 accusatio,
746 1243 848 1306 omnis
871 1242 1004 1306 testium
1031 1243 1123 1328 copia
1144 1263 1226 1327 qnae
1247 1243 1356 1306 futura
1373 1249 1433 1318 est,
1449 1263 1471 1306 a

265 1350 367 1406 matre
394 1341 484 1404 initio
511 1347 562 1404 est
580 1341 744 1418 edomata,
767 1362 787 1404 a
808 1347 911 1404 matre
930 1341 992 1403 hoc
1014 1347 1159 1425 tempore
1180 1340 1349 1404 instruitur
1371 1348 1477 1425 atquo·

265 1439 413 1504 omnibus
434 1440 504 1524 ejus
530 1438 644 1523 opibus
667 1447 700 1502 et
726 1439 825 1524 copiis
850 1447 1064 1524 comparatur.
1111 1437 1188 1523 lpsa
1210 1438 1345 1523 denique
1370 1461 1470 1524 nuper

267 1539 384 1602 Larino
403 1539 499 1623 hujus
525 1537 720 1623 opprimendi
744 1559 858 1602 caussa
884 1537 1021 1602 Romam
1049 1537 1227 1610 advolavit;
1261 1544 1388 1622 praesto
1417 1544 1470 1602 est

264 1635 376 1698 mulier
405 1637 520 1711 audax,
545 1635 724 1720 pecuniosa,
754 1635 916 1710 crudelis;
941 1635 1084 1710 instituit
1106 1641 1320 1710 accusatores,
1339 1635 1470 1700 instruit

264 1739 387 1806 testes,
424 1733 569 1818 squalore
599 1733 694 1818 hujus
719 1739 754 1797 et
782 1735 930 1797 sordibus
958 1732 1116 1807 laetatnr3
1152 1731 1287 1796 exitium
1311 1741 1465 1818 exoptat:

265 1827 452 1914 sanguidem
482 1851 575 1894 suum
603 1829 794 1915 profundere
824 1852 951 1894 omnem
981 1830 1079 1914 cupit,
1105 1830 1275 1893 dummodo
1305 1831 1469 1914 profusum

265 1927 360 2011 hujus
374 1935 448 1992 ante
463 1927 580 1992 rideat.
625 1927 716 1991 Haec
731 1927 790 1992 nisi
806 1927 912 1992 omnia
923 1926 1150 2013 perspexeritis
1164 1926 1197 1990 in
1212 1949 1335 2006 caussa,
1347 1936 1468 1993 temere

265 2045 285 2087 a
307 2025 398 2088 nobis
420 2025 506 2088 illam
525 2025 675 2110 appellari
695 2032 864 2110 putatote:
890 2026 940 2089 sin
965 2034 1060 2090 erunt
1082 2031 1116 2088 et
1141 2032 1254 2109 aperta
1279 2033 1313 2091 et
1336 2027 1465 2105 nefaria,

266 2118 412 2186 Olnentio
435 2121 598 2206 ignoscere
617 2122 776 2186 debebitis
800 2124 885 2207 quod
909 2122 987 2186 haec
1008 2143 1029 2185 a
1045 2144 1097 2186 me
1119 2121 1182 2186 dici
1203 2123 1366 2207 patiatur;
1390 2124 1468 2187 mihi

264 2219 430 2306 ignoscere
449 2241 512 2283 non
529 2219 698 2296 deberetis,
715 2219 742 2283 ei
757 2227 907 2284 tacerem.

309 2315 360 2380 VI
366 2317 391 2381 l.
417 2317 510 2380 Nunc
523 2317 590 2401 jam
605 2316 787 2380 summatim
801 2337 959 2401 exponam
981 2316 1095 2400 quibus
1117 2316 1301 2381 criminibus
1317 2317 1467 2403 Oppiani-

264 2435 320 2478 cus
335 2415 505 2478 damnatus
520 2413 572 2490 sit,
589 2421 674 2477 utet
689 2414 903 2477 constantiam
920 2413 962 2474 A.
979 2412 1117 2476 Cluentii
1140 2421 1174 2478 et
1195 2413 1351 2476 rationem
1372 2435 1467 2477 accu-

263 2513 397 2577 sationis
420 2513 599 2597 perspicere
629 2511 769 2596 possitis.
815 2511 866 2573 Ac
888 2510 1026 2594 primurn
1050 2531 1164 2573 caussa
1186 2512 1356 2574 accusandi
1385 2533 1466 2597 quae

263 2609 359 2675 fuerit
374 2609 550 2685 ostendam,
566 2616 603 2673 nt
618 2609 649 2672 id
666 2607 769 2693 ipsum
786 2607 828 2671 A.
845 2605 1026 2671 Cluentium
1047 2606 1078 2670 vi
1101 2628 1140 2670 ac
1162 2607 1354 2672 necessitate
1376 2630 1466 2674 coac-

263 2716 333 2771 tum
362 2706 475 2770 iecisse
499 2706 641 2770 videatis.
699 2704 801 2783 Quum
827 2703 997 2767 manifesto
1022 2726 1177 2767 venenum
1202 2705 1466 2789 deprehendisset

265 2804 350 2887 qnod
366 2804 412 2865 vir
427 2803 540 2867 matris
557 2802 750 2888 Oppianicus
764 2802 793 2865 ei
813 2801 1000 2886 paravisset,
1017 2809 1052 2866 et
1066 2824 1117 2865 res
1132 2824 1195 2866 non
1210 2804 1393 2887 conjectura
1407 2807 1465 2870 sed

264 2900 364 2963 oculis
378 2922 416 2963 ac
431 2900 577 2964 manibus
592 2908 764 2975 teneretur,
780 2920 882 2983 neque
904 2899 936 2961 in
959 2920 1073 2962 caussa
1094 2898 1157 2962 ulla
1175 2899 1334 2963 dubitatio
1356 2911 1465 2985 posset

264 3020 344 3075 esse,
361 2998 524 3063 accusavit
547 2997 779 3083 Oppianicum
805 3018 901 3082 quarn
916 3004 1101 3061 constanter
1122 3004 1156 3061 et
1176 3018 1270 3081 quam
1285 2998 1463 3083 diligenter,

263 3106 377 3181 postea
399 3096 520 3161 dicam:
545 3118 629 3160 nunc
650 3095 711 3158 hoc
735 3094 817 3159 scire
837 3116 895 3157 vos
912 3094 1005 3171 volui,
1022 3094 1139 3158 nullam
1158 3096 1232 3159 huic
1254 3096 1348 3159 aliam
1369 3120 1463 3162 accu-

263 3192 354 3256 sandi
371 3214 515 3256 caussam
530 3192 637 3267 fuisse,
659 3190 719 3255 nisi
743 3192 789 3255 uti
811 3192 1012 3277 propositum
1033 3193 1119 3256 vitae
1137 3193 1309 3278 periculum
1331 3203 1365 3259 et
1387 3218 1465 3281 quo·

263 3290 399 3353 tidianas
414 3291 528 3377 capitis
542 3290 672 3355 insidias
694 3290 753 3353 hac
773 3312 836 3353 una
855 3290 980 3353 ratione
994 3290 1121 3354 vitaret.
1166 3291 1276 3376 Atque
1294 3299 1330 3356 ut
1350 3293 1464 3357 intelli-

263 3389 347 3471 gatis
362 3388 400 3451 iis
415 3396 601 3454 accusatum
617 3410 686 3451 esse
701 3387 885 3451 criminibus
904 3387 1114 3473 Oppianicum
1128 3396 1165 3451 ut
1180 3410 1280 3475 neque
1295 3400 1463 3456 accusator

263 3484 374 3549 timere
407 3508 508 3571 neque
537 3508 612 3550 reus
639 3507 769 3570 sperare
805 3485 954 3569 potuerit,
986 3507 1090 3570 pauca
1118 3486 1208 3549 vobis
1236 3487 1319 3550 illius
1351 3488 1463 3571 judicii

264 3581 396 3645 crimina
413 3604 590 3668 exponam
615 3583 730 3667 quibus
750 3583 897 3667 cognitis,
913 3604 1006 3646 nemo
1022 3591 1162 3648 vestmm
1185 3584 1354 3649 mirabitur
1375 3587 1463 3649 illum

264 3676 457 3741 diffidentem
473 3680 567 3743 rebus
582 3680 649 3743 suis
663 3680 704 3742 ad
721 3680 886 3743 Staienum
901 3688 1000 3763 atque
1014 3681 1056 3742 ad
1070 3680 1236 3765 pecuniam
1251 3683 1441 3765 confugisse.

309 3772 441 3837 Larinas
456 3776 611 3859 quaedam
625 3776 686 3840 suit
702 3776 835 3855 Dinaea,
849 3798 960 3839 socrus
970 3776 1147 3861 Oppianici,
1158 3799 1239 3861 quae
1253 3778 1336 3841 filios
1350 3778 1463 3842 habuit

295 3967 340 4015 sed
353 3982 411 4015 cero
428 3970 465 4017 sic
482 3970 579 4031 agitur]
614 3970 674 4018 This
693 3972 775 4020 latha
794 3977 848 4019 une
882 3976 992 4033 ‘sperare
1003 3972 1129 4028 debuerit!
1140 3974 1217 4021 which
1229 3975 1311 4023 Baiter
1326 3976 1463 4035 bss,isthc

263 4031 376 4093 reading:
396 4033 515 4081 ‘sedvero
528 4036 562 4081 sic
572 4034 633 4095 sgit'
646 4036 688 4081 has
696 4052 728 4082 no
736 4038 849 4098 meaning
881 4036 1019 4095 conjecture
1030 4037 1057 4082 ol
1067 4036 1208 4085 Lambinus.

263 4097 327 4143 init.
363 4096 426 4143 ‘Sed
438 4098 512 4155 vcro,'
531 4099 552 4145 it
564 4099 584 4145 is
603 4098 661 4153 said,
674 4100 764 4147 seldom
777 4115 844 4147 come
910 4098 1018 4160 Dinaea]
1045 4100 1093 4146 She
1109 4099 1156 4147 bad
1167 4102 1274 4149 children
1291 4102 1324 4165 by
1342 4108 1390 4151 tvo
1405 4105 1463 4153 hus·

263 4161 382 4222 together.
418 4162 462 4209 Sec
481 4162 537 4210 Vol.
558 4162 579 4210 1.
599 4162 667 4209 Verr.
688 4164 713 4211 ii.
736 4166 758 4213 5.
779 4180 800 4211 e.
821 4166 845 4221 6,
877 4162 1000 4218 bundans
1015 4164 1058 4209 the
1076 4171 1128 4210 text
1145 4165 1231 4223 shows,
1243 4169 1332 4214 Aurius
1347 4169 1395 4216 and
1406 4170 1462 4217 Ma-

263 4233 328 4273 note.
878 4228 1015 4289 gina-‘in
1030 4228 1149 4288 ergastulo
1157 4229 1173 4275 :’
1185 4231 1227 4276 the
1245 4231 1398 4293 Ergnstulnm
1415 4250 1463 4283 was

296 4292 394 4338 testium
406 4292 476 4352 copia
488 4304 549 4352 qaae
558 4290 653 4350 sutura
664 4293 712 4353 est]
731 4290 785 4339 The
795 4291 847 4337 wit-
879 4291 973 4353 splscc
983 4291 1009 4337 in
1021 4292 1098 4338 which
1117 4293 1193 4340 slaves
1212 4310 1274 4342 were
1288 4296 1355 4357 kept.
1390 4298 1463 4346 Some

263 4370 344 4403 nosses
356 4356 434 4401 would
448 4356 476 4402 be
488 4355 612 4402 examined
627 4356 687 4403 alter
698 4356 740 4403 the
751 4356 846 4417 speech.
880 4357 957 4403 slaves
967 4370 1029 4402 srerc
1036 4356 1186 4413 unchained;
1203 4359 1284 4407 others
1292 4376 1354 4408 were
1362 4362 1461 4411 chained

264 4420 309 4466 See
320 4434 340 4466 e.
353 4422 377 4475 3,
389 4425 495 4467 note-⁶
503 4420 617 4482 appellari
627 4418 773 4478 :’⁴nsmed,’
790 4420 847 4467 ‘ad-
880 4419 927 4467 snd
936 4420 1203 4481 lodgedinllrgnstnln,
1212 4424 1254 4471 tho
1264 4428 1426 4473 construction
1437 4428 1466 4476 oi
1500 4472 1508 4485 ,

265 4483 362 4531 dressed
375 4484 504 4546 byname!
539 4484 663 4534 Secatd.
881 4484 960 4531 which
976 4484 998 4531 is
1017 4484 1139 4533 dasenbed
1162 4486 1194 4549 by
1219 4488 1352 4537 Columella
1378 4489 1405 4553 (i.
1425 4493 1462 4554 6).

296 4548 320 4605 7.
336 4562 437 4611 sperare
448 4549 573 4611 poluerit]
593 4550 616 4597 S.
627 4550 656 4597 T.
689 4550 742 4597 'l'be
752 4549 849 4611 reading
882 4548 961 4597 'l'bose
980 4549 1056 4597 slaves
1073 4550 1169 4599 worked
1186 4557 1230 4600 ont
1247 4554 1276 4601 of
1288 4554 1359 4604 docrs
1375 4557 1402 4603 in
1420 4557 1463 4605 tho
