3517 5325
766 365 868 434 OAP.
893 370 988 434 1—3.
1413 374 1476 440 419

270 537 373 602 vivam
387 559 463 623 prae
477 537 568 604 vobis
583 539 718 604 indicem
733 547 912 606 vestrarum
928 563 1006 627 erga
1020 563 1071 607 me
1085 544 1286 609 voluntatum
1299 566 1337 610 ac
1352 545 1476 611 studio-

271 659 343 700 rum
373 635 500 700 tulistis.
547 637 661 723 ltaque
685 660 736 702 me
759 659 822 704 non
853 646 997 704 extrema
1026 641 1130 707 tribus
1159 644 1392 730 suffragiorum,
1419 645 1477 710 sed

272 734 371 820 primi
390 733 433 798 illi
457 735 555 800 vestri
578 758 759 813 concursus,
784 759 887 823 neque
914 735 1056 823 sinigulae
1078 761 1173 806 voces
1195 762 1396 826 praeconum,
1419 744 1477 808 sed

274 855 337 898 uua
356 855 433 898 voce
457 833 621 898 universus
642 834 776 920 populus
805 834 967 899 Romanus
986 837 1148 902 consulem
1172 838 1356 905 declaravit.
1402 839 1477 906 Hoc

274 953 334 1017 ego
349 939 417 996 tam
431 931 564 1017 insigne,
581 941 649 998 tam
663 933 822 1018 singulare
837 941 980 999 vestrum
997 934 1195 1016 beneficium,
1213 936 1362 1018 Quirites,
1379 959 1477 1024 quum

273 1031 315 1094 ad
337 1029 434 1094 animi
456 1030 518 1094 mei
540 1031 680 1094 fructum
702 1040 799 1117 atque
819 1031 974 1098 laetitiam
991 1032 1074 1098 duco
1089 1055 1159 1097 esse
1174 1056 1391 1122 permagnum,
1407 1044 1478 1102 tum

274 1129 316 1194 ad
339 1149 449 1192 curam
472 1128 778 1216 sollicitudinemque
801 1130 903 1196 multo
925 1131 1039 1215 majus.
1086 1130 1267 1199 Versantur
1285 1134 1379 1212 enim,
1401 1134 1477 1214 Qui-

274 1226 361 1305 rites,
379 1225 412 1292 in
427 1227 532 1292 auimo
547 1249 618 1292 meo
633 1229 752 1296 multae
767 1235 801 1292 et
812 1250 926 1315 graves
936 1229 1155 1314 cogitationes,
1171 1253 1253 1316 quae
1268 1232 1345 1296 nubi
1358 1233 1477 1298 nullam

274 1333 400 1412 partem
415 1347 517 1412 neque
533 1326 663 1391 diurnae
678 1349 781 1412 neque
796 1335 971 1392 nocturnae
985 1327 1103 1413 quietis
1117 1329 1321 1415 impertiunt:
1340 1333 1478 1417 primum

275 1425 385 1489 tuendi
400 1423 593 1499 consulatus,
617 1447 697 1510 quae
712 1447 809 1510 quum
828 1426 975 1492 omnibus
989 1433 1041 1492 est
1055 1426 1191 1492 difficilis
1204 1437 1238 1492 et
1252 1449 1370 1515 magua
1384 1430 1476 1508 ratio,

275 1529 344 1588 tum
359 1544 433 1588 vero
449 1523 525 1588 mibi
540 1531 669 1609 praeter
683 1532 816 1604 ceteros,
834 1525 926 1610 cujus
941 1533 1047 1590 errato
1066 1525 1153 1588 nulla
1166 1526 1265 1604 venia,
1289 1535 1377 1592 recte
1391 1527 1478 1592 facto

275 1621 392 1706 exigua
413 1621 481 1686 laus
501 1629 534 1686 ct
555 1621 597 1686 ab
619 1623 726 1688 invitis
748 1645 901 1713 expressa
919 1622 1117 1708 proponitur,
1132 1645 1195 1691 uon
1210 1625 1370 1689 dubitanti
1384 1623 1477 1689 fidele

275 1719 449 1796 consilium,
476 1743 539 1784 nou
561 1721 718 1788 laboranti
744 1731 866 1788 certum
891 1722 1067 1786 subsidium
1092 1722 1268 1790 nobilitatis
1286 1723 1477 1788 ostenditur.

277 1817 344 1882 Ill.
369 1819 460 1898 Quod
475 1818 502 1882 si
517 1819 603 1883 solus
617 1819 649 1884 in
665 1820 834 1886 discrimen
849 1820 976 1906 aliquod
990 1820 1175 1896 adducerer,
1187 1821 1312 1898 ferrem,
1327 1821 1476 1902 Quirites,

275 1915 380 1981 animo
395 1916 560 2001 aequiore;
585 1919 642 1984 sed
663 1919 738 1982 mihi
753 1919 901 1984 videntur
923 1919 1003 1984 certi
1027 1918 1179 1997 homiues,
1200 1919 1229 1984 si
1243 1941 1306 2004 qua
1326 1919 1360 1982 iu
1379 1941 1414 1982 re
1427 1941 1479 1984 me

276 2038 339 2082 non
362 2017 456 2080 modo
480 2017 743 2096 consideratum
765 2018 862 2085 etiam
886 2039 964 2084 casu
987 2017 1113 2103 lapsum
1134 2037 1205 2082 esse
1227 2018 1477 2095 arbitrabuntur,

276 2135 333 2180 vos
356 2114 518 2180 universos
542 2115 595 2200 qui
620 2137 671 2180 me
694 2116 910 2183 antetuleritis
933 2114 1093 2180 nobilitati
1115 2114 1338 2199 vituperaturi.
1394 2114 1478 2178 Mihi

275 2220 393 2288 autem,
411 2213 561 2294 Quirites,
585 2213 690 2278 omnia
712 2214 820 2299 potius
837 2213 1045 2298 perpetienda
1064 2233 1135 2276 esse
1150 2212 1230 2276 duco
1246 2217 1341 2297 quam
1356 2213 1480 2276 nonita

275 2311 449 2396 gerendum
473 2311 681 2388 consulatum,
707 2319 744 2374 ut
769 2311 802 2373 in
828 2310 974 2374 omnibus
999 2309 1080 2374 meis
1102 2309 1197 2373 sactis
1216 2317 1315 2392 atque
1338 2309 1478 2374 consiliis

276 2417 414 2473 vestrum
439 2409 478 2472 de
501 2431 552 2472 me
573 2408 693 2472 lactum
711 2407 939 2490 consiliumque
958 2406 1116 2470 laudetur.
1161 2407 1300 2471 Accedit
1314 2406 1412 2470 etiam
1427 2407 1479 2472 ille

275 2505 353 2570 mihi
367 2527 508 2568 summus
518 2505 654 2584 laborac
666 2505 848 2571 difficillima
862 2504 946 2568 ratio
961 2503 1147 2567 consulatus
1160 2504 1301 2589 gerendi,
1318 2504 1403 2590 quod
1415 2527 1480 2570 nou

275 2603 387 2668 eadem
402 2602 478 2667 mibi
494 2625 557 2688 qua
572 2603 784 2689 superioribus
800 2602 982 2667 consulibus
996 2601 1066 2686 lege
1081 2609 1115 2666 et
1130 2601 1311 2668 conditione
1326 2604 1480 2671 utendum

275 2722 346 2765 esse
362 2702 505 2775 decrevi;
530 2702 584 2787 qui
598 2702 720 2767 aditum
734 2700 828 2782 hujus
843 2700 905 2765 loci
923 2707 1193 2786 conspectumque
1208 2709 1349 2767 vestrum
1364 2703 1481 2788 partim

276 2822 392 2885 magno
411 2822 505 2885 opere
521 2800 680 2884 sugerunt,
704 2798 821 2884 partim
844 2820 909 2865 non
924 2798 1128 2862 vehementer
1150 2798 1253 2863 secuti
1274 2806 1362 2864 sunt.
1407 2800 1480 2886 Ego

276 2907 384 2963 autem
399 2921 462 2963 uon
477 2898 578 2965 solum
594 2900 653 2963 hoc
669 2898 700 2961 in
716 2898 786 2963 loco
800 2897 916 2975 dicam,
929 2896 982 2961 ubi
997 2896 1095 2960 estid
1110 2896 1199 2960 dictu
1213 2896 1407 2974 facillimum,
1423 2899 1480 2963 sed

276 2997 309 3063 iu
324 2997 393 3083 ipso
408 3005 533 3073 senatu,
549 2996 581 3059 in
596 3018 659 3083 quo
673 3018 744 3061 esse
759 2996 846 3061 locus
860 2995 936 3065 huic
948 2994 1017 3059 voci
1028 3016 1091 3059 uon
1103 2994 1279 3072 videbatur,
1296 2996 1480 3081 popularem

276 3116 327 3159 me
352 3096 494 3159 futurum
516 3117 586 3159 esse
608 3095 779 3169 consulem,
795 3094 896 3179 prima
917 3092 970 3158 illa
990 3114 1062 3157 mea
1083 3092 1227 3159 oratioue
1244 3092 1399 3159 Kalendis
1420 3093 1479 3159 Ja-

277 3192 394 3257 uuariis
418 3192 493 3257 dixi.
539 3191 651 3279 Neque
673 3192 757 3256 euim
776 3192 842 3281 ullo
864 3190 959 3255 modo
981 3190 1087 3259 lacere
1106 3212 1236 3275 possum
1254 3198 1300 3267 ut,
1317 3214 1414 3277 quum
1428 3215 1480 3257 me

277 3292 452 3377 intelligam
466 3314 530 3357 uon
546 3291 707 3357 hominum
722 3290 901 3376 potentium
914 3288 1033 3366 studio,
1045 3310 1110 3352 nou
1125 3288 1352 3355 excellentibus
1365 3291 1480 3375 gratiis

276 3412 458 3475 paucorum,
476 3390 532 3455 sed
548 3390 684 3455 universi
699 3388 805 3475 populi
820 3387 956 3453 Romani
975 3386 1096 3472 judicio
1116 3387 1279 3453 consulem
1298 3388 1345 3453 ita
1358 3390 1481 3455 lactum

162 3492 166 3499 '
277 3496 314 3551 ut
337 3487 539 3553 nobilissimis
557 3487 736 3552 homiuibus
755 3486 849 3571 louge
864 3506 1087 3573 praeponeret,
1108 3506 1173 3549 nou
1190 3492 1226 3549 et
1240 3485 1272 3549 iu
1288 3486 1348 3551 boc
1363 3488 1480 3574 magia·

276 3592 365 3651 tratu
380 3594 414 3648 et
429 3586 460 3649 in
480 3585 565 3648 omui
581 3586 647 3649 vita
669 3606 772 3648 essem
796 3583 966 3668 popularis.
1012 3582 1077 3646 Sed
1097 3582 1173 3645 mihi
1187 3583 1229 3645 ad
1244 3583 1377 3668 hujusce
1393 3585 1480 3649 verbi

277 3683 340 3747 viru
369 3689 403 3745 et
431 3682 726 3767 interpretationem
755 3681 959 3744 vehementer
988 3702 1068 3764 opus
1096 3687 1145 3743 est
1176 3687 1283 3743 vestra
1311 3680 1478 3764 sapientia.

278 3780 437 3845 Versatur
452 3779 536 3843 enim
550 3800 685 3867 magnus
700 3800 787 3841 error
801 3786 932 3863 propter
952 3777 1118 3841 insidiosos
1138 3776 1361 3841 nonnullorum
1383 3778 1478 3842 simu·

443 3947 448 3957 ·
602 3947 608 3959 ·
990 3939 1325 3971 ‹··.rr··ru
1428 3945 1435 3958 ·

276 3944 778 4073 {libiadlilffi'ffim‘li
790 3948 861 4061 :tt
892 3941 1478 4073 3ffi‚t⁶(⁶{,ffi³¹„;,‚⁶¹⁰ffi,¹fi,2⁹ffi

275 4079 307 4127 he
318 4080 338 4127 is
348 4077 476 4140 glorllying
486 4076 590 4123 himself.
889 4073 1124 4122 nuiueastherert

234 4156 239 4167 ·
309 4146 333 4193 ³.
352 4146 397 4191 tce
411 4145 437 4189 r'u
452 4141 516 4203 loce]
536 4141 576 4189 On
591 4141 634 4188 the
651 4140 741 4187 Rostra
754 4138 802 4189 aad
815 4137 857 4185 be-
924 4139 974 4184 sllo
989 4137 1060 4185 modo
1072 4136 1162 4195 secere
1173 4149 1381 4197 porrum-errem
1395 4152 1477 4201 popu.

274 4208 328 4257 lare
343 4209 386 4255 the
401 4206 488 4265 Contio
504 4204 532 4253 of
545 4206 640 4255 &man
659 4205 765 4253 triticeus.
798 4202 858 4251 Tun
891 4202 973 4265 laris]
993 4201 1152 4251 Baitcrbu‘·
1161 4201 1291 4250 ullomodo
1302 4216 1408 4264 pomum,
1422 4218 1477 4251 eum

275 4288 324 4321 was
341 4272 384 4319 tho
400 4270 519 4319 tribune’r
536 4270 617 4332 place:
634 4270 677 4317 the
692 4268 797 4317 cunsul'a
813 4282 861 4315 nm
894 4281 1018 4314 ura—ossa
1043 4263 1199 4328 popularis;”
1227 4282 1258 4314 an
1285 4267 1412 4315 almratlou
1439 4268 1477 4317 for

273 4338 300 4385 ln
313 4338 354 4386 the
366 4338 461 4385 Sobata.
495 4336 548 4383 The
564 4336 661 4383 consuls
677 4333 731 4381 who
742 4332 861 4393 belonged
893 4332 970 4379 which
981 4331 1224 4379 monacorum.
1257 4331 1412 4381 Ieurcdanus
1420 4348 1477 4395 pro.

275 4398 860 4459 tothemouilitu'didnotecroatourap
893 4394 1063 4458 posad‘eim'
1086 4395 1252 4471 farfensem!
1294 4396 1402 4447 lthlnlr
1423 4398 1477 4447 tlrat

274 4468 374 4530 purius
384 4466 467 4517 before
481 4466 525 4515 the
541 4465 643 4528 popular
654 4463 774 4527 maembly
786 4477 813 4513 aa
829 4462 861 4509 he
894 4459 1190 4588 ‘quaem'maybengbt
