3517 5325
614 475 793 542 uuaruo
817 475 919 544 oue.
944 481 994 560 oe,
1020 478 1070 547 ro.
1373 478 1437 548 arv

238 649 409 725 Romanos,
447 645 687 712 honestisshnos
724 649 875 728 homiues,
906 649 1089 715 laudatores
1123 647 1255 715 videtis:
1295 647 1438 713 Boviano

237 757 372 834 totoque
396 768 436 812 ex
461 745 589 810 Samnio
614 768 711 832 quum
734 747 933 812 laudationes
957 748 1198 812 honestissimae
1221 747 1336 811 missae
1351 755 1436 824 sunt,

237 853 307 912 tum
323 845 464 910 homines
479 844 661 930 amplissimi
676 845 923 930 nobilissimique
937 851 1103 910 venerunt.
1147 844 1171 908 J
1172 867 1225 909 am
1240 844 1293 929 qui
1308 844 1341 906 iu
1359 865 1438 929 agro

239 944 384 1008 Larinati
410 943 548 1029 praedia,
575 941 627 1028 qui
653 943 791 1028 negotia,
818 945 947 1029 quires
973 943 1139 1030 pecuarias
1162 943 1289 1021 habent,
1314 941 1440 1005 honesti

237 1043 382 1108 homines
403 1048 438 1106 et
458 1062 581 1105 summo
604 1041 771 1127 splendore
793 1042 939 1127 praediti,
957 1041 1082 1106 difficile
1097 1042 1185 1105 dictu
1200 1047 1250 1104 est
1265 1061 1361 1123 quam
1375 1039 1440 1104 siut

238 1140 374 1218 solliciti,
392 1161 486 1225 quam
500 1139 654 1204 laborent.
699 1138 729 1201 N
732 1161 771 1202 on
795 1139 886 1203 multi
906 1139 984 1203 mihi
998 1141 1040 1204 ab
1055 1161 1117 1203 uuo
1132 1140 1177 1203 sio
1192 1138 1279 1223 diligi
1294 1138 1441 1202 videntur

238 1247 276 1304 ut
291 1239 342 1304 hic
365 1240 405 1303 ab
427 1238 476 1300 his
497 1237 661 1300 universis.
709 1237 823 1302 LXX.
842 1237 944 1317 Quam
955 1259 1019 1301 uon
1033 1239 1145 1302 abesse
1159 1239 1201 1301 ab
1215 1237 1310 1321 hujus
1321 1235 1441 1320 judicio

241 1337 279 1401 L.
297 1336 513 1412 Volusienum,
530 1356 653 1400 summo
675 1335 841 1420 splendore
865 1336 1023 1400 bominem
1045 1357 1084 1400 ac
1107 1335 1226 1400 virtute
1250 1333 1439 1420 praeditum,

238 1436 359 1500 vellem.
414 1434 516 1514 Quam
541 1432 652 1496 vellem
681 1441 884 1517 praesentem
910 1457 1005 1519 posse
1035 1433 1075 1497 P.
1103 1432 1286 1497 Helvidium
1311 1432 1439 1510 Rufum,

239 1533 378 1618 equitem
402 1531 589 1608 Romanum,
613 1531 753 1594 omnium
776 1531 1021 1610 ornatissimum,
1052 1532 1235 1604 nominare;
1268 1529 1322 1615 qui
1344 1531 1442 1614 quum

239 1632 334 1716 hujus
349 1651 461 1694 caussa
485 1629 552 1693 dies
576 1637 750 1716 noctesque
766 1630 921 1716 vigilaret,
938 1641 973 1696 et
996 1653 1092 1717 quum
1116 1653 1168 1695 me
1192 1633 1273 1694 hauc
1296 1652 1442 1694 caussam

240 1731 378 1806 doceret,
395 1727 428 1791 in
442 1727 588 1790 morbum
608 1749 735 1812 gravem
759 1729 1035 1814 periculosumque
1057 1729 1177 1806 incidit,
1194 1728 1227 1791 iu
1249 1750 1312 1813 quo
1334 1734 1442 1791 tamen
1528 1802 1532 1814 ι

240 1851 304 1894 non
319 1828 422 1892 minus
437 1827 476 1890 de
492 1827 597 1911 capite
613 1827 708 1911 hujus
723 1849 817 1913 quam
841 1828 879 1891 de
902 1850 960 1891 sna
979 1829 1047 1894 vita
1060 1828 1196 1892 laborat.
1242 1828 1300 1892 Gn.
1318 1826 1442 1890 Tudicii

240 1925 405 2003 senatoris,
422 1925 480 1988 viri
496 1925 608 2011 optimi
624 1933 658 1990 et
673 1925 898 2002 honestissimi,
921 1947 981 2011 par
1001 1927 1142 1992 studium
1157 1947 1196 1990 ex
1211 1926 1395 1990 testimonio
1410 1931 1444 1990 et

243 2023 425 2090 laudatione
441 2023 650 2108 cognoscetis.
696 2025 819 2089 Eadem
833 2047 899 2110 spe,
916 2026 973 2089 sed
988 2028 1110 2110 majore
1124 2026 1321 2104 verecundia,
1344 2025 1384 2088 de
1398 2032 1442 2100 te,

243 2124 282 2187 P.
300 2122 459 2198 Volumni,
477 2123 625 2206 quoniam
645 2123 745 2207 judex
767 2146 802 2187 es
824 2123 856 2186 in
880 2123 923 2186 Α.
940 2123 1129 2202 Cluentium,
1152 2123 1297 2187 dicimus.
1344 2121 1390 2186 Et
1404 2144 1444 2186 ue

241 2223 370 2308 longum
385 2221 436 2298 sit,
453 2219 593 2284 omnium
608 2219 780 2285 vicinorum
796 2243 949 2285 summam
964 2244 1034 2286 esse
1049 2222 1081 2285 iu
1096 2223 1179 2285 hune
1195 2220 1444 2285 benevolentiam

242 2320 474 2394 confirmamus.
512 2317 638 2382 Horum
653 2319 791 2382 omnium
806 2319 956 2396 studium,
974 2341 1091 2391 euram,
1105 2319 1308 2403 diligentiam,
1324 2339 1444 2381 meum·

241 2439 302 2503 que
328 2439 390 2481 una
414 2418 554 2480 laborem
578 2415 631 2500 qui
655 2423 756 2480 totam
780 2417 861 2480 hanc
887 2439 1032 2480 caussam
1054 2427 1162 2481 vetere
1186 2417 1334 2481 instituto
1358 2415 1445 2478 solus

241 2515 394 2602 peroravi,
411 2521 611 2598 vestramque
629 2513 729 2591 simul,
751 2514 886 2597 judices,
902 2515 1095 2598 aequitatem
1118 2523 1152 2577 et
1168 2513 1445 2577 mansuetudinem

241 2635 306 2677 una
321 2619 423 2677 mater
438 2617 612 2696 oppugnat.
658 2613 706 2677 At
721 2633 802 2697 quae
817 2613 940 2675 mater?
985 2611 1088 2692 Quam
1104 2633 1230 2676 caecam
1254 2611 1444 2676 erudelitate

242 2720 276 2776 et
290 2710 409 2773 scelere
424 2709 499 2773 ferri
514 2708 647 2785 videtis;
673 2712 765 2795 cujus
787 2710 997 2796 cupiditatem
1016 2712 1100 2775 nulla
1114 2734 1263 2798 umquam
1278 2712 1445 2798 turpitudo

241 2807 426 2884 retardavit,
451 2828 532 2891 quae
556 2806 642 2871 vitiis
664 2808 759 2871 animi
783 2808 814 2871 in
841 2808 1029 2873 deterrimae
1054 2816 1162 2894 partes
1184 2812 1259 2895 jura
1281 2810 1445 2873 homiuum

242 2904 400 2970 convertit
414 2904 537 2969 omnia:
562 2905 654 2989 cujus
669 2926 707 2969 ea
721 2905 858 2970 stultitia
880 2914 931 2970 est
953 2912 991 2970 ut
1015 2928 1084 2970 eam
1108 2929 1200 2971 nemo
1218 2908 1385 2983 bominem,
1407 2930 1447 2972 aa

242 3004 290 3069 vis
315 3010 352 3067 ut
377 3024 470 3067 nemo
500 3002 658 3080 feminam,
685 3003 925 3068 ea'orudelitas
948 3010 986 3069 ut
1009 3026 1101 3068 nemo
1125 3018 1261 3070 matrem
1286 3006 1446 3091 appellare

274 3200 392 3263 negotia]
405 3200 598 3249 Heenumeratea
605 3200 795 3262 ‘negotiatiores’
803 3204 829 3249 at
861 3201 910 3250 aud
920 3206 966 3263 put
975 3202 997 3249 it
1007 3201 1040 3249 all
1051 3202 1077 3249 iu
1087 3202 1126 3250 bie
1136 3206 1196 3251 teat

243 3265 365 3324 Larinum,
377 3266 476 3315 lamera
490 3266 537 3313 and
553 3266 716 3313 flookmastera
728 3266 780 3329 (qui
791 3282 829 3315 rea
893 3268 959 3315 solua
978 3268 1113 3330 perorant]
1133 3268 1163 3315 iu
1181 3265 1286 3317 Cicero’s
1306 3267 1365 3315 time
1379 3266 1449 3315 there

242 3332 364 3393 pecuarias
376 3330 484 3394 babent).
518 3330 634 3378 larinum
650 3332 671 3378 is
687 3332 773 3379 oneol
786 3331 829 3379 tha
860 3346 922 3378 vvere
933 3332 1052 3394 generally
1067 3332 1349 3391 several‘aocuaatorea,’
1360 3347 1388 3379 or
1398 3346 1445 3379 one

242 3396 507 3458 partaoiltalyvvhere
521 3396 641 3444 woolvvaa
652 3410 741 3458 grown.
775 3396 827 3443 The
862 3396 1449 3460 ‘accusator'audaeverai‘aubscriptoree3’and

242 3460 315 3523 sheep
326 3460 366 3507 ied
377 3476 408 3509 on
420 3462 461 3508 the
472 3461 526 3507 hille
543 3466 568 3509 at
578 3476 624 3508 one
641 3476 732 3519 maron,
744 3461 790 3509 aud
802 3461 828 3508 in
860 3461 1364 3524 alaowvmal‘patroni'forthedet‘ance.
1389 3461 1449 3511 Thia

242 3524 285 3573 the
301 3525 378 3585 plaius
394 3532 419 3572 at
430 3526 536 3573 another.
571 3526 669 3574 Classen
687 3526 730 3573 hae
742 3530 748 3553 ¹
758 3540 829 3587 pecu·
862 3542 963 3589 appears
973 3527 1035 3573 l'rom
1047 3528 1153 3576 Cicero'a
1164 3530 1278 3575 orations.

242 3590 346 3646 nisum:
359 3590 400 3636 the
418 3591 516 3650 reading
531 3589 559 3636 ol
571 3591 602 3637 all
620 3590 662 3637 tha
677 3590 768 3647 Mem
786 3591 830 3638 bnt
889 3593 952 3651 jara
964 3592 1099 3654 hominum]
1121 3592 1145 3639 lt
1156 3593 1177 3640 ia
1188 3592 1450 3640 difficulttotaauslate

242 3659 287 3700 not
298 3653 339 3699 the
350 3654 519 3714 truereadiug.
532 3654 544 3700 1
556 3654 635 3701 thinlu
668 3654 723 3702 The
739 3656 830 3702 edition
863 3656 921 3702 thia.
955 3656 980 3703 lt
991 3672 1045 3719 may
1058 3656 1097 3715 be,
1109 3672 1135 3705 ιι
1146 3672 1213 3704 aomo
1229 3672 1341 3719 suppose,
1353 3656 1449 3718 equiva-

242 3718 701 3779 otnseenaiua(1ull)has·peeuariu.’
715 3718 831 3766 Graecina
863 3720 916 3766 lent
930 3724 957 3766 to
967 3721 1019 3781 ‘joa
1030 3720 1186 3777 humanum!
1203 3721 1248 3768 bot
1264 3722 1317 3767 that
1328 3720 1377 3767 lact
1392 3720 1450 3767 does

242 3796 297 3843 says
308 3782 361 3828 that
371 3782 391 3827 it
401 3782 422 3827 ia
432 3782 527 3828 written
539 3782 690 3843 ‘pecuniae'
701 3782 727 3829 in
738 3798 770 3829 au
781 3784 830 3829 edi·
862 3788 907 3830 not
929 3783 999 3831 make
1013 3784 1056 3832 the
1074 3786 1211 3846 expression
1230 3785 1258 3831 of
1275 3785 1318 3831 the
1338 3785 1451 3843 meaning

242 3848 295 3894 tion
306 3846 334 3893 oi
346 3846 414 3893 teas.
863 3848 946 3893 maier.
980 3848 1063 3895 Cicero
1074 3864 1152 3895 reema
1167 3854 1194 3895 to
1210 3848 1289 3895 allude
1305 3852 1332 3894 to
1343 3847 1386 3894 ber
1396 3863 1450 3908 per·

276 3913 316 3967 70.
341 3911 419 3965 Quam
436 3910 583 3965 amaheae,
602 3910 658 3971 tre]
686 3909 739 3956 'l'he
755 3908 829 3957 MSS.
863 3912 958 3958 version
969 3912 997 3958 oi
1004 3912 1282 3969 bumanreiatious3ahe
1290 3912 1450 3958 wasmotber·

242 3976 341 4036 reading
352 3974 372 4020 ia
384 3972 503 4024 ‘Quando
514 3972 581 4030 non,'
594 3976 637 4021 tro.
655 3974 733 4021 'ibere
743 3974 764 4021 is
775 3988 830 4035 pro-
863 3975 946 4022 inlavr
954 3975 982 4022 ol
989 3990 1005 4023 a
1015 3992 1071 4023 man
1082 3977 1130 4023 and
1140 3977 1199 4023 theu
1217 3976 1314 4023 bacam
1327 3975 1365 4021 hia
1380 3976 1450 4033 wiic3

242 4040 315 4103 bebly
327 4038 465 4099 something
475 4052 557 4098 vrrong
573 4038 598 4084 in
609 4038 651 4085 tha
666 4038 796 4099 beginning
807 4038 834 4086 ol
864 4040 908 4086 she
919 4040 988 4086 made
999 4040 1042 4087 ber
1052 4041 1191 4087 aon-in-larv
1203 4040 1246 4087 her
1256 4040 1374 4087 husband.
1392 4040 1452 4088 Thia

243 4104 409 4165 thiscbapter.
443 4100 542 4149 Classen
553 4102 635 4149 thinks
646 4103 699 4149 that
710 4102 774 4149 what
788 4102 831 4149 iol·
864 4105 1086 4165 mapeneraiou
1100 4104 1128 4151 of
1143 4106 1186 4152 the
1203 4105 1265 4166 legal
1275 4104 1452 4153 relatiouathat

243 4170 302 4219 lovrs
312 4166 458 4231 approaohes
474 4181 558 4213 nearer
575 4174 600 4213 to
617 4167 660 4215 the
676 4166 749 4215 MSS.
761 4167 829 4215 read-
862 4168 953 4216 subaiat
974 4183 1063 4230 among
1085 4166 1263 4217 mankind—⁸
1273 4169 1394 4215 hominem
1404 4168 1420 4217 :'
1436 4184 1452 4217 a

243 4235 305 4297 inge,
316 4248 344 4282 or
360 4232 424 4279 what
435 4231 491 4293 they
507 4230 625 4279 indicatae
644 4236 659 4260 ‘¹
670 4232 749 4284 Quam
761 4231 830 4278 doleo
863 4232 968 4280 ‘human
979 4232 1068 4295 being!
1101 4233 1453 4296 Shehadnotuaderstauding

244 4300 327 4348 abesse
351 4296 382 4345 ab
407 4297 480 4357 hujus
504 4296 594 4357 judicio
619 4296 648 4343 L.
673 4296 830 4343 Volusienum
862 4297 1264 4359 enoughtobeeallsda⁴human
1280 4298 1368 4359 being!
1403 4298 1453 4346 But

244 4363 420 4426 —praeditum
461 4362 553 4408 Vellem
571 4365 721 4423 praesentem
735 4375 830 4423 possem
863 4362 907 4409 abe
921 4363 978 4409 doea
997 4368 1041 4409 not
1055 4378 1119 4411 seem
1138 4368 1164 4411 to
1183 4364 1243 4411 hara
1260 4364 1321 4410 been
1341 4363 1454 4411 deficient

246 4428 273 4477 P.
287 4428 425 4477 Helvidium
441 4426 532 4473 Rufum
550 4460 557 4473 .
575 4460 581 4473 .
600 4458 607 4473 .
625 4424 774 4473 nominare.¹'
793 4426 832 4474 lle
864 4427 1093 4489 inunderatanding,
1105 4429 1185 4476 uulua
1195 4444 1231 4475 vve
1242 4428 1351 4475 consider
1365 4429 1452 4475 immo·

245 4494 319 4541 adda:
339 4498 354 4521 ¹⁴
365 4492 412 4540 Sed
431 4506 480 4539 non
498 4490 587 4553 placuit
605 4491 696 4539 incerta
714 4490 770 4538 dare
786 4506 830 4552 pro
862 4492 934 4554 raiity
944 4496 970 4539 to
981 4492 1152 4542 beadeiectoi
1160 4492 1364 4556 understanding3
1376 4492 1453 4541 which

246 4557 342 4607 oerm.”
359 4556 488 4606 Baiterhas
496 4556 569 4605 talen
576 4554 696 4605 Claaaen’a
708 4554 829 4615 'incerta'
862 4556 1033 4606 bonevaritia
1048 4563 1100 4607 not.
