3517 5325
340 464 403 529 484
674 460 810 527 ORAT.
833 460 926 527 PRO
950 461 986 529 0.
1010 462 1207 529 RABIRIO

342 633 497 720 pudicitia
512 631 657 698 dicerem.
696 631 785 717 Ergo
801 634 936 699 adhaec
953 635 1093 714 crimina,
1111 658 1193 722 quae
1207 634 1333 721 patroni
1349 634 1550 720 diligentiam

342 732 533 808 desiderent,
549 730 701 815 intelligis
715 731 791 794 mihi
806 731 996 796 semihoram
1012 732 1106 798 istam
1121 733 1252 797 nimium
1266 733 1394 818 longam
1408 734 1519 799 fuisse.

387 829 478 893 Illam
500 830 635 893 alteram
658 835 782 913 partem
808 829 847 892 de
873 851 951 894 nece
973 830 1135 895 Saturnini
1160 831 1254 894 nimis
1275 830 1424 917 exiguam
1447 840 1549 918 atque

341 934 513 1012 angustam
534 948 603 990 esse
620 924 767 996 voluisti;
793 947 875 1011 quae
897 948 961 990 non
983 926 1120 992 oratoris
1142 926 1311 1012 ingenium,
1328 928 1385 991 sed
1407 930 1549 993 consulis

343 1026 496 1090 auxilinm
518 1024 665 1110 implorat
680 1030 715 1087 et
729 1022 866 1108 flagitat.
914 1022 997 1088 Nam
1020 1026 1059 1089 de
1076 1025 1298 1111 perduellionis
1315 1025 1446 1110 judicio,
1464 1027 1549 1111 quod

340 1147 361 1187 a
375 1146 425 1187 me
440 1123 600 1187 sublatum
614 1144 684 1187 esse
699 1122 858 1186 criminari
872 1122 964 1201 soles,
988 1145 1094 1187 meum
1116 1123 1234 1187 crimen
1249 1133 1307 1201 est,
1333 1145 1397 1187 non
1414 1124 1548 1190 Rabirii.

343 1223 436 1303 Quod
460 1220 590 1298 utinam,
617 1219 767 1302 Quirites,
800 1242 860 1305 ego
885 1220 918 1283 id
943 1230 1001 1286 aut
1026 1221 1146 1306 primus
1170 1229 1228 1286 aut
1251 1223 1336 1285 solus
1362 1244 1402 1285 ex
1428 1224 1489 1286 hac
1514 1245 1549 1287 re

341 1319 469 1406 publica
479 1318 696 1383 sustulissem!
711 1318 832 1414 utinam
845 1318 914 1397 boc,
928 1320 1013 1405 quod
1025 1319 1075 1383 ille
1087 1320 1205 1385 crimen
1215 1342 1284 1384 esse
1295 1320 1372 1399 vult,
1383 1320 1548 1406 proprium

341 1416 561 1482 testimonium
586 1438 676 1480 meae
699 1416 801 1480 laudis
827 1418 933 1480 esset!
982 1416 1066 1497 Quid
1090 1417 1173 1481 enim
1193 1418 1297 1503 optari
1320 1425 1439 1504 potest,
1463 1418 1549 1503 quod

341 1538 402 1601 ego
417 1514 540 1579 mallem
555 1536 650 1600 quam
672 1537 722 1579 me
745 1514 778 1577 in
800 1515 966 1579 consulatu
982 1537 1053 1579 meo
1068 1516 1248 1580 camificem
1263 1517 1302 1579 de
1319 1516 1396 1595 loro,
1420 1538 1548 1580 crucem

341 1612 381 1677 de
397 1636 509 1699 campo
525 1613 711 1677 euenisset
757 1612 822 1676 Sed
842 1612 906 1677 ista
928 1612 997 1676 laus
1018 1614 1153 1697 primum
1176 1622 1227 1679 est
1248 1615 1405 1699 majorum
1422 1623 1547 1678 nostro-

341 1734 421 1789 rum,
451 1711 600 1792 Quirites,
628 1710 681 1796 qui
708 1710 848 1796 expulsis
870 1710 999 1795 regibus
1021 1710 1140 1774 nullum
1163 1710 1195 1774 in
1217 1711 1315 1776 libero
1337 1712 1452 1798 populo
1478 1734 1548 1775 ves-

341 1808 456 1892 tigium
478 1807 678 1872 crudelitatis
703 1808 809 1893 regiae
832 1809 1052 1883 retinuerunt3
1078 1808 1191 1873 deinde
1215 1810 1386 1873 multorum
1408 1809 1548 1873 virorum

340 1904 479 1982 fortium,
506 1904 560 1989 qui
587 1911 727 1968 vestram
752 1905 933 1969 libertatem
957 1928 1021 1967 nou
1047 1905 1223 1970 acerbitate
1246 1906 1471 1992 suppliciorum
1500 1907 1548 1969 in·

344 2001 468 2080 festam,
493 2003 550 2064 sed
572 2002 704 2065 leuitate
726 2002 831 2085 legum
852 2002 1008 2067 munitam
1030 2025 1100 2068 esse
1121 2004 1297 2068 voluerunt.
1343 2003 1405 2068 IV.
1430 2003 1548 2085 Quam-

342 2099 452 2163 obrem
481 2105 552 2162 uter
575 2105 722 2163 nostrum
746 2099 886 2175 tandem,
914 2099 1062 2180 Labiene,
1087 2100 1247 2186 populeris
1272 2101 1343 2165 esti
1375 2106 1460 2179 tune,
1492 2102 1547 2187 qui

343 2197 464 2262 civibus
487 2195 641 2261 Romanis
666 2196 698 2259 in
721 2195 869 2260 contione
892 2196 961 2281 ipsa
987 2197 1173 2275 carnificem,
1199 2198 1253 2283 qni
1278 2198 1381 2263 vincla
1403 2200 1547 2263 adbiberi

342 2304 438 2381 putas
453 2304 609 2381 oportere,
625 2295 678 2379 qui
694 2295 725 2357 in
741 2316 854 2381 campo
870 2294 1002 2375 Martio,
1020 2296 1157 2361 comitiis
1168 2296 1365 2374 centuriatis,
1381 2298 1546 2383 auspicato

343 2392 376 2456 in
390 2393 469 2469 loco,
486 2415 611 2457 crucem
633 2394 676 2457 ad
698 2392 812 2456 civium
833 2393 1021 2479 supplicium
1043 2393 1138 2479 defigi
1154 2399 1187 2457 et
1203 2394 1353 2459 constitui
1365 2396 1479 2479 jubes;
1503 2418 1546 2459 an

343 2514 413 2577 ego,
430 2492 484 2576 qui
498 2491 652 2555 funestari
667 2490 848 2555 contionem
862 2491 1051 2577 contagione
1071 2491 1228 2555 carnificis
1241 2499 1325 2571 veto,
1350 2493 1404 2578 qui
1418 2494 1546 2579 expian-

344 2590 420 2652 dum
449 2590 551 2652 forum
574 2588 680 2675 populi
705 2588 841 2653 Romani
866 2590 907 2652 ab
933 2588 994 2653 illis
1017 2590 1127 2653 nefarii
1153 2590 1281 2655 sceleris
1305 2591 1446 2678 vestigiis
1476 2614 1547 2656 esse

346 2687 428 2763 dico,
451 2689 505 2773 qui
528 2697 651 2753 castam
671 2688 861 2766 contionem,
878 2696 1024 2752 sanctum
1045 2710 1200 2774 campum,
1226 2689 1412 2755 inviolatum
1430 2712 1547 2776 eorpus

344 2786 483 2850 omnium
506 2787 621 2850 civium
637 2787 862 2863 Romanorum,
884 2785 1043 2872 integrum
1065 2787 1119 2872 jus
1142 2787 1300 2852 libertatis
1323 2789 1458 2853 delendo
1480 2811 1547 2853 ser·

344 2885 410 2949 vari
425 2885 595 2970 oporteret
640 2884 808 2971 Popularia
822 2907 897 2949 vero
912 2885 1059 2950 tribunus
1079 2885 1188 2971 plebis,
1214 2894 1324 2951 custos
1338 2886 1547 2972 defensorque

349 3071 487 3132 provocanti
504 3069 565 3118 nihil
581 3084 657 3132 aeque
670 3084 699 3118 ac
713 3071 800 3132 judicis
814 3069 931 3121 acerbitas
961 3070 1089 3132 judgment
1099 3075 1164 3119 must
1174 3070 1205 3119 be
1216 3069 1315 3129 formed,
1327 3087 1342 3118 a
1356 3069 1445 3119 earefol
1460 3071 1545 3120 reader

348 3133 506 3197 moluerit).-
528 3134 581 3182 The
602 3150 701 3196 passage
720 3137 746 3184 in
768 3137 811 3183 the
837 3135 932 3182 oration
964 3151 1019 3196 may
1041 3136 1178 3184 sometimes
1200 3136 1294 3199 explain
1324 3135 1378 3184 tbst
1399 3135 1478 3184 which
1504 3137 1547 3184 the

348 3200 442 3260 against
453 3199 508 3246 Piso
524 3199 575 3245 also
591 3199 657 3246 leads
672 3205 699 3245 to
713 3215 728 3246 a
743 3199 858 3261 probabis
874 3213 932 3248 oon·
964 3205 1139 3248 commentator
1150 3201 1193 3248 has
1204 3200 1300 3248 missed.

348 3264 440 3311 clusion
461 3262 516 3308 that
537 3262 620 3309 Cicero
642 3263 795 3324 successfully
814 3263 932 3312 defended
994 3265 1259 3327 Quodaliuam,-idl]
1274 3265 1316 3312 ‘ld
1324 3265 1544 3324 delevitBeckios3’

347 3327 391 3374 the
402 3325 648 3373 ‘motoritas’olthe
659 3327 782 3373 Senatein
789 3327 831 3374 the
842 3333 930 3375 matter
963 3329 1045 3386 Halm,
1063 3331 1117 3376 who
1136 3329 1179 3377 has
1197 3329 1343 3392 imprisoned
1366 3330 1386 3377 it
1407 3331 1464 3378 thus
1486 3330 1546 3393 [id].

348 3391 376 3437 oi
393 3388 513 3437 Rabirius'
525 3389 581 3435 trial
597 3389 634 3436 ior
651 3389 798 3448 Perduelli03
815 3391 853 3439 ior
866 3391 929 3440 beia
962 3394 1013 3442 But
1024 3393 1130 3442 Beckins
1141 3394 1181 3441 did
1188 3409 1277 3456 wrong.
1312 3394 1398 3443 Crities
1408 3395 1546 3444 hveolten

347 3455 417 3500 there
437 3454 604 3514 enumerating
618 3454 651 3501 all
668 3455 709 3510 the
727 3455 809 3516 things
828 3456 882 3502 that
899 3457 930 3504 he
962 3457 1030 3507 short
1044 3459 1179 3507 memorias.
1213 3459 1272 3506 Itis
1287 3475 1303 3506 a
1318 3474 1429 3507 common
1448 3475 1545 3523 expres-

348 3517 423 3565 didin
434 3517 472 3564 bis
482 3517 629 3580 consulship.
661 3519 714 3566 The
724 3518 840 3582 difficulty
849 3521 876 3572 in
888 3521 930 3572 the
963 3524 1023 3570 sion.
1057 3523 1136 3572 There
1146 3524 1167 3570 is
1178 3524 1204 3571 in
1215 3523 1384 3580 theVerrines.
1397 3525 1421 3571 ii.
1433 3526 1455 3573 l.
1467 3527 1544 3574 cao:

347 3597 447 3645 passage
458 3581 486 3628 of
499 3581 541 3629 the
552 3583 644 3631 oration
655 3585 748 3646 against
760 3583 815 3632 Piso
827 3586 930 3634 consiste
964 3587 1059 3642 “Quod
1076 3589 1118 3636 nbi
1137 3588 1177 3636 illa
1194 3589 1312 3636 intellexit
1329 3588 1354 3636 id
1372 3589 1410 3650 agi
1428 3588 1481 3646 ut,”
1500 3593 1545 3637 dre.

343 3647 373 3706 in
385 3647 427 3695 the
437 3646 515 3694 words
527 3651 533 3674 ‘
543 3647 645 3696 Senatus
658 3649 842 3709 auctoritatem‚'
850 3650 930 3698 which
962 3651 1019 3700 And
1039 3651 1075 3716 (il.
1090 3655 1114 3702 2.
1133 3668 1154 3700 c.
1173 3653 1233 3716 66):
1251 3653 1352 3706 “Quod
1368 3655 1414 3701 nisi
1431 3653 1547 3702 Metellus

348 3728 404 3774 may
415 3727 485 3760 mean
493 3717 537 3759 not
548 3728 595 3775 any
602 3714 676 3775 thing.
682 3714 745 3762 done
750 3714 783 3777 by
790 3716 833 3763 the
840 3714 929 3764 Senate
961 3717 1008 3765 hoo
1018 3721 1068 3764 tam
1080 3718 1182 3778 graviter
1193 3718 1306 3780 egisset,”
1322 3718 1400 3765 which
1414 3719 1435 3766 is
1451 3719 1547 3780 exactly

347 3778 374 3825 in
395 3778 438 3825 the
459 3781 547 3825 matter
565 3779 593 3825 ol
610 3778 729 3827 Rabirius’
748 3780 803 3830 trial
819 3781 856 3828 for
872 3780 929 3828 Per·
961 3783 1004 3829 the
1015 3797 1080 3829 same
1090 3797 1116 3829 aa
1127 3782 1184 3840 this,
1196 3788 1281 3846 except
1291 3783 1344 3830 that
1354 3783 1422 3830 thera
1438 3784 1458 3830 is
1471 3782 1545 3832 ‘hoe'

348 3843 445 3900 duellio,
463 3841 508 3889 but
526 3844 647 3905 generally
663 3845 706 3892 the
723 3845 884 3901 ‘aucwntaa'
904 3845 932 3894 os
961 3846 999 3894 lor
1010 3851 1015 3874 ¹
1025 3845 1109 3894 id.'-‘
1119 3847 1211 3895 utinam
1228 3847 1274 3895 boc
1286 3851 1301 3895 :'
1319 3853 1365 3894 ‘ut
1379 3847 1442 3905 hoc,'
1463 3848 1546 3895 Halm.

348 3907 390 3955 the
407 3909 502 3964 Senatu
520 3907 569 3955 and
585 3909 737 3971 particularly
751 3909 777 3956 in
791 3910 872 3972 giving
888 3909 931 3958 the
996 3915 1020 3958 4.
1037 3911 1159 3974 corilione]
1180 3913 1313 3961 ‘Contione
1333 3911 1380 3959 mei
1398 3917 1492 3974 practer
1511 3910 1546 3971 n,'

348 3973 444 4019 consuls
454 3987 469 4018 a
480 3973 633 4020 commission
643 3979 669 4021 to
680 3979 726 4036 put
742 3974 813 4022 down
827 3975 870 4022 the
882 3975 931 4022 riot
963 3975 1061 4024 Baiter:
1078 3977 1157 4025 which
1179 3978 1200 4024 is
1218 3977 1294 4025 worth
1310 3978 1395 4038 noting
1411 3992 1437 4024 as
1456 3993 1488 4024 an
1504 3991 1547 4024 cx·

347 4036 376 4084 of
392 4037 535 4085 Saturninus
548 4037 580 4099 by
596 4037 659 4085 foros
673 4039 700 4086 os
716 4053 788 4087 uma.
822 4039 872 4087 But
887 4039 929 4088 the
962 4041 1040 4103 ample
1051 4040 1182 4089 wherethe
1193 4047 1246 4089 true
1257 4043 1319 4090 form
1337 4041 1365 4089 ol
1380 4057 1395 4088 a
1406 4041 1472 4088 word
1489 4042 1510 4089 is
1521 4043 1547 4090 in

346 4116 447 4163 passage
457 4102 482 4148 in
493 4103 536 4148 the
544 4102 599 4149 Piso
610 4103 696 4165 clearly
705 4109 778 4152 statm
784 4105 838 4152 that
846 4105 929 4152 Cicero
962 4106 1004 4153 the
1015 4105 1098 4160 MSS..
1109 4107 1158 4152 and
1168 4107 1211 4154 the
1221 4113 1318 4169 corrupt
1327 4106 1388 4154 lorm
1400 4105 1547 4154 ‘cendone‘

347 4165 388 4212 did
411 4166 498 4213 defend
522 4166 633 4215 Rabirius
654 4169 748 4230 against
768 4184 784 4216 a
800 4170 887 4229 charge
904 4169 933 4217 ol
963 4170 1011 4218 still
1022 4185 1123 4234 appears
1133 4171 1159 4217 in
1169 4187 1241 4233 many
1252 4177 1323 4220 texts.

348 4230 490 4277 Perduellio.
996 4235 1202 4296 defendemur-i
1216 4235 1361 4298 oporteret]
1385 4235 1445 4283 This
1462 4251 1546 4284 means

381 4293 394 4340 1
412 4294 472 4341 have
490 4294 539 4342 said
555 4309 582 4342 so
597 4295 670 4342 much
683 4310 749 4356 upon
765 4297 814 4344 this
832 4301 928 4354 matter,
963 4299 999 4346 “l
1017 4302 1071 4348 who
1091 4301 1207 4350 maintain
1227 4301 1280 4348 that
1297 4300 1339 4348 the
1356 4301 1401 4348 law
1417 4300 1445 4348 ol
1458 4300 1546 4362 liberty

345 4357 448 4405 bacam
468 4359 527 4406 itis
549 4358 627 4406 better
648 4363 675 4406 to
694 4361 764 4409 make
782 4378 797 4409 a
814 4361 930 4424 difficulty
962 4365 1116 4423 oughttobe
1127 4365 1273 4414 maintained
1284 4363 1386 4413 entire.''
1420 4365 1492 4412 From
1504 4365 1547 4412 tbe

346 4423 458 4483 palpable
468 4423 516 4470 and
532 4428 559 4471 to
572 4425 638 4471 leave
654 4425 674 4471 it
690 4426 856 4488 nnexplained,
867 4427 927 4474 than
961 4429 1044 4475 notion
1055 4429 1083 4474 ol
1092 4429 1239 4493 ‘repelling,'
1256 4431 1298 4478 the
1317 4429 1418 4491 original
1434 4445 1504 4477 sense
1521 4428 1550 4476 oi

345 4492 373 4534 to
384 4502 439 4548 pass
455 4487 475 4534 it
490 4503 547 4535 over
556 4489 658 4536 without
672 4490 759 4538 notice.
794 4491 820 4538 li
831 4507 846 4538 a
861 4507 927 4539 oom-
961 4492 1119 4549 ‘defendere’
1131 4509 1210 4542 cumea
1221 4495 1262 4543 the
1273 4493 1545 4557 nooonofprotecting.

347 4555 467 4599 menutor
483 4557 557 4600 statu
575 4554 608 4601 all
628 4554 672 4603 the
692 4554 752 4603 facts
766 4555 799 4618 by
815 4556 894 4604 which
913 4571 929 4604 a
961 4558 1109 4620 supporting,
1122 4559 1392 4622 maintainiugathing.
