3517 5325
328 459 392 526 378
640 457 774 525 ORAT.
799 456 890 523 PRO
915 456 1218 524 momentulo

328 629 441 716 possit.
486 629 596 716 Atque
621 630 718 694 etiam
743 629 870 694 nomine
893 629 1173 706 necessitudinum,
1188 651 1252 694 non
1274 630 1376 694 solum
1398 638 1536 698 netur-ee

328 749 442 792 nomen
466 735 500 794 et
520 729 594 812 jure
615 729 769 793 mutavit:
803 751 882 792 uxor
907 728 1026 813 generi,
1054 750 1190 794 noverca
1215 727 1280 808 lilii,
1307 729 1390 800 liliee
1415 731 1534 816 pellex,

328 848 366 889 eo
396 827 464 910 jem
494 826 628 911 denique
658 826 799 891 edducte
828 833 879 889 est
905 835 942 890 ut
970 825 1031 890 sibi
1063 833 1189 911 praeter
1219 827 1353 892 formem
1383 829 1461 892 nihil
1491 829 1535 892 ed

328 923 563 988 similitudinem
578 923 713 990 hominis
736 924 913 989 reservarit.
959 923 1073 1004 Quare,
1087 924 1221 1008 judices,
1238 925 1267 988 si
1286 925 1392 990 scelus
1406 926 1534 1003 odistis,

329 1022 493 1106 prohibete
515 1023 638 1086 editum
657 1023 770 1086 metris
784 1044 803 1086 e
818 1021 871 1084 filii
887 1023 1049 1107 sanguine,
1066 1023 1142 1086 dete
1157 1023 1282 1107 parenti
1297 1023 1382 1088 hunc
1397 1024 1534 1088 incredi-

328 1119 421 1182 bilem
437 1118 577 1182 dolorem
591 1141 632 1182 ex
648 1119 759 1196 salute,
777 1141 816 1182 ex
832 1119 967 1184 victorie
981 1120 1137 1196 liherhm3
1162 1120 1308 1204 petimini
1328 1130 1473 1198 matrem,
1491 1144 1532 1186 ne

328 1219 442 1282 orbata
456 1216 520 1282 filio
534 1216 679 1292 laetetur,
695 1216 812 1280 vietam
826 1217 933 1301 potius
947 1225 1055 1281 vestre
1074 1217 1237 1302 aequitate
1252 1217 1425 1282 discedere.
1472 1219 1531 1282 Sin

328 1323 446 1390 eutem,
470 1314 502 1378 id
525 1315 610 1398 quod
632 1321 738 1378 vestre
759 1321 875 1378 nature
890 1315 1040 1398 postulet,
1063 1317 1226 1400 pudorem,
1242 1315 1417 1392 veritatem,
1433 1316 1531 1381 virtu·

328 1421 455 1498 temque
471 1412 610 1497 diligitis,
634 1413 737 1476 levate
759 1413 842 1477 hunc
856 1412 1025 1497 aliquando
1039 1413 1215 1498 supplicem
1230 1421 1379 1494 vestrum,
1392 1416 1529 1501 judices,

328 1518 380 1576 tot
403 1533 503 1576 annos
525 1510 558 1573 in
579 1510 659 1574 salse
682 1509 801 1574 invidia
815 1510 1026 1597 periculisque
1040 1521 1209 1588 versatum,
1226 1512 1280 1597 qui
1295 1535 1378 1576 nunc
1393 1513 1532 1599 primum

328 1616 403 1694 post
431 1609 517 1675 illem
545 1609 704 1672 flammam
732 1608 865 1674 eliorum
890 1609 976 1672 secto
1005 1615 1040 1673 et
1068 1609 1245 1694 cupiditate
1270 1611 1444 1676 excitatem
1471 1634 1530 1697 spe

328 1715 452 1771 vestree
478 1706 649 1790 aequitatis
674 1707 796 1792 erigere
821 1706 960 1770 animum
985 1713 1020 1771 et
1045 1707 1184 1792 paullum
1210 1709 1367 1794 respirare
1395 1732 1416 1774 e
1440 1718 1530 1775 metu

329 1805 452 1889 coepit3
471 1803 522 1867 cui
536 1804 640 1888 posita
654 1813 729 1868 sunt
743 1805 775 1870 in
790 1805 880 1868 vobis
895 1805 1020 1882 omnie3
1037 1827 1132 1890 quem
1145 1813 1306 1870 servatum
1319 1829 1390 1872 esse
1405 1806 1529 1892 plurimi

329 1902 471 1986 cupiunt,
496 1923 620 1966 servare
643 1902 701 1966 soli
724 1925 781 1968 vos
804 1902 950 1988 potestis.
995 1903 1078 1968 Oret
1099 1927 1156 1969 vos
1180 1904 1332 1983 Habitus,
1346 1907 1479 1990 judices,
1495 1913 1530 1970 et

328 1998 408 2063 flens
423 1999 571 2082 obsecret
588 2021 628 2062 ne
651 2022 685 2064 se
702 2001 838 2066 invidiae
860 2023 942 2086 quse
964 2001 996 2066 in
1014 2002 1144 2086 judiciis
1158 2003 1261 2068 velere
1283 2027 1347 2069 non
1368 2003 1529 2082 debetne

328 2096 423 2162 matri
439 2097 531 2181 cujus
546 2103 620 2162 vote
635 2105 669 2162 et
684 2121 794 2184 preces
816 2122 836 2164 a
855 2099 971 2164 vestris
985 2101 1146 2164 mentibus
1160 2101 1327 2186 repudiare
1341 2102 1473 2180 debetis,
1489 2123 1530 2166 ne

330 2195 506 2280 Oppianico
522 2195 640 2260 homini
655 2196 774 2261 nefario
798 2199 1009 2262 condemnato
1027 2198 1095 2282 jem
1118 2207 1153 2262 et
1175 2210 1311 2278 mortuo,
1327 2201 1528 2265 condonetis

331 2293 468 2358 LXXI.
492 2294 584 2375 Quod
608 2295 634 2358 si
661 2317 724 2380 que
747 2295 910 2360 calamites
934 2297 1019 2360 hunc
1043 2297 1075 2360 in
1095 2297 1156 2362 hoc
1176 2299 1297 2382 judicio
1320 2299 1469 2363 afflixerit
1483 2299 1529 2362 in-

328 2400 505 2472 nocentem,
538 2413 596 2456 nec
620 2393 681 2458 iste
705 2393 810 2472 miser,
836 2395 872 2473 ei,
890 2393 923 2457 id
946 2394 1032 2479 quod
1054 2395 1182 2459 difficile
1207 2397 1295 2462 fectu
1318 2406 1377 2473 est,
1402 2397 1436 2460 in
1464 2397 1531 2463 vite

329 2491 513 2570 remanebit,
531 2513 625 2576 saepe
640 2497 674 2556 et
692 2493 827 2556 multum
848 2498 997 2577 queretur
1012 2492 1243 2577 deprehensum
1257 2517 1328 2560 esse
1342 2495 1417 2560 illud
1432 2518 1531 2580 quon·

329 2589 402 2652 dam
427 2588 650 2654 Fabricianum
675 2613 840 2655 venenum.
887 2589 1032 2672 Quodsi
1059 2597 1128 2653 tum
1150 2591 1324 2658 indicatum
1347 2616 1410 2658 non
1434 2602 1529 2671 esset,

328 2710 392 2753 non
421 2689 495 2753 huic
525 2690 802 2755 aerumnosissimo
831 2711 986 2754 venenum
1014 2690 1091 2753 illud
1119 2691 1242 2771 fuisset,
1274 2692 1331 2757 sed
1359 2694 1530 2758 multorum

328 2787 594 2853 medicamentum
609 2788 771 2866 laborum,
796 2795 958 2875 postremo
973 2788 1071 2852 etiem
1085 2789 1230 2855 fortassis
1240 2799 1352 2870 meter,
1365 2794 1531 2878 exsequias

329 2885 411 2949 illius
434 2886 552 2950 funeris
575 2896 752 2971 prosecuta,
776 2895 912 2951 mortem
937 2908 972 2950 ee
995 2886 1050 2950 lilii
1074 2888 1182 2972 lugere
1203 2890 1392 2954 simulasset.
1437 2890 1531 2956 Nunc

328 3004 403 3046 vero
427 2985 502 3069 quid
526 2984 588 3049 erit
611 2986 800 3069 profectum,
824 2984 885 3048 nisi
906 2990 945 3049 ut
966 2984 1062 3069 hujus
1083 3007 1124 3049 ex
1145 2988 1258 3052 mediis
1278 2988 1391 3053 mortis
1409 2988 1531 3053 insidiis

330 3081 395 3144 vite
409 3081 449 3144 ad
464 3081 587 3146 luctum
604 3090 800 3159 conservate,
817 3104 903 3145 mors
924 3084 1068 3167 sepulcro
1091 3086 1191 3170 patris
1206 3087 1328 3171 privata
1342 3108 1412 3151 esse
1426 3087 1530 3151 videa·

328 3180 401 3241 tur?
446 3178 534 3244 Setis
560 3180 615 3243 diu
638 3180 701 3245 fuit
726 3182 758 3243 in
784 3179 928 3259 miseriis,
951 3181 1093 3265 judices:
1121 3184 1201 3248 satis
1224 3185 1342 3250 multoe
1367 3208 1468 3249 annos
1488 3207 1530 3248 ex

329 3275 446 3338 invidie
460 3276 627 3341 laboravit.
673 3276 775 3341 Nemo
799 3277 871 3340 huic
894 3285 962 3342 tem
985 3279 1111 3365 iniquus
1133 3289 1260 3366 praeter
1281 3291 1444 3369 parentem
1458 3284 1528 3361 luit,

329 3372 421 3456 cujus
436 3373 576 3437 animum
591 3396 654 3439 non
666 3375 734 3459 jem
750 3374 912 3460 expletum
927 3399 996 3441 esse
1011 3386 1177 3464 putemus:
1194 3402 1259 3459 nos,
1275 3382 1329 3466 qui
1344 3382 1437 3467 aequi
1451 3382 1530 3449 estis

361 3630 513 3695 remearit]
533 3634 698 3683 ‘resen-reret?
717 3633 742 3683 S.
753 3635 792 3691 Τ.,
804 3635 910 3685 Classen.
943 3638 1141 3701 plnrelnnmber.

361 3695 456 3744 aditum
471 3698 570 3761 neutris]
591 3698 616 3747 If
631 3699 912 3751 hehsdseid‘metrem
977 3706 1131 3767 concreata]
1152 3705 1206 3754 The
1224 3705 1299 3754 MSS.
1324 3707 1433 3768 reading,
1452 3707 1529 3756 which

328 3775 344 3807 s
354 3760 397 3808 filii
413 3762 544 3825 sanguine,’
559 3763 601 3811 the
616 3765 754 3827 expression
764 3766 841 3813 would
853 3767 914 3816 here
945 3768 1014 3817 there
1024 3784 1072 3817 vu
1083 3785 1115 3818 no
1129 3786 1214 3819 resson
1230 3772 1267 3819 lor
1283 3771 1404 3833 chenging
1414 3774 1466 3821 into
1477 3777 1529 3821 ‘rs-

328 3824 390 3873 been
402 3841 468 3875 more
484 3828 577 3890 simple,
588 3844 617 3877 or
633 3830 675 3878 the
693 3830 759 3879 idest
778 3832 855 3893 ‘keep
871 3832 914 3881 the
945 3833 1054 3891 eervetn,’
1064 3834 1142 3882 which
1153 3837 1178 3883 in
1196 3836 1244 3883 lect
1262 3837 1336 3897 spoils
1352 3837 1396 3885 the
1411 3838 1530 3898 meaning.

328 3892 423 3939 mother
434 3907 499 3954 swey
510 3893 570 3941 lrom
586 3895 629 3942 her
645 3894 710 3943 son’s
727 3896 784 3943 life!
817 3895 876 3944 This
893 3898 913 3945 ie
948 3898 1143 3947 ‘Reservme'ie
1160 3907 1186 3947 to
1203 3901 1264 3962 keep
1275 3902 1312 3948 lor
1322 3916 1390 3949 some
1404 3902 1532 3963 pertimlnr

326 3955 378 4017 just
390 3956 431 4003 the
441 3958 502 4005 form
514 3958 566 4005 thet
577 3960 664 4008 Ceeeer
674 3974 729 4009 uses
740 3961 808 4008 when
818 3961 848 4009 he
859 3977 914 4024 ssye
946 3978 1049 4025 purpose
1060 3963 1126 4024 (Vol.
1147 3965 1168 4013 1.
1183 3965 1294 4015 Vct-ruli.
1310 3970 1334 4015 ὅ.
1346 3968 1431 4030 cdd).
1465 3967 1532 4015 llere

330 4018 370 4082 (B.
384 4020 413 4069 G.
426 4022 441 4069 i.
457 4024 506 4085 ll),
516 4028 531 4050 ‘⁶
540 4023 571 4071 eh
582 4024 675 4087 oppidis
686 4026 734 4073 vim
745 4025 849 4073 hostiurn
859 4042 914 4089 pro·
946 4027 978 4075 he
999 4043 1048 4076 nes
1067 4030 1138 4076 enred
1159 4031 1221 4078 hom
1243 4030 1316 4079 death
1342 4031 1400 4093 only
1422 4037 1448 4079 to
1470 4032 1531 4079 hue

328 4084 433 4133 hiberi.”
467 4087 498 4134 So
518 4088 602 4137 Cicero
613 4090 690 4151 might
708 4090 768 4139 heve
785 4091 835 4139 seid
850 4092 914 4139 ‘rim
945 4108 1041 4140 sorrow.

329 4150 412 4197 matris
421 4150 436 4197 :’
453 4150 499 4199 but
516 4152 547 4199 he
558 4168 612 4215 says
624 4155 731 4203 ‘editum
743 4156 842 4215 meum
860 4156 916 4205 'the
979 4159 1188 4221 sepulcr-epatris]
1203 4160 1229 4207 ll
1237 4160 1268 4209 he
1277 4160 1532 4209 mmndemnednnd

328 4215 592 4278 mother'scpproeeh.'
946 4220 1039 4269 lelthis
1050 4224 1335 4285 country,hewouldnct
1346 4225 1467 4274 bebun'ed
1475 4224 1532 4273 with

362 4280 401 4334 71.
419 4282 560 4344 laborum]
584 4282 664 4331 Baiter
680 4284 723 4331 hes
743 4283 913 4342 ‘moerorum'
946 4286 1091 4335 hiefethem.

328 4342 422 4405 though
433 4344 513 4394 ellthe
526 4346 598 4395 MSS.
606 4347 815 4395 heve‘lnborum.’
833 4349 913 4397 ‘Moe
978 4354 1087 4399 culmum
1106 4352 1167 4415 non]
1192 4353 1275 4401 Bnlter
1295 4354 1387 4403 follows
1409 4354 1435 4403 Β.
1457 4354 1486 4401 Τ.
1505 4354 1532 4400 in

328 4408 421 4455 rorum’
434 4425 512 4459 eomes
523 4410 584 4459 from
602 4427 617 4459 ι
632 4412 751 4472 fragment
767 4414 795 4460 of
808 4429 913 4475 egrem-
946 4416 1041 4476 writing
1052 4420 1116 4465 ‘non
1126 4419 1233 4468 animum
1244 4419 1260 4475 ς’
1276 4419 1322 4468 but
1339 4419 1364 4468 S.
1384 4419 1414 4467 T.
1429 4434 1471 4467 ere
1488 4424 1533 4467 not

328 4472 428 4529 marien,
441 4474 494 4521 who
505 4476 563 4523 eitee
576 4476 625 4523 this
641 4492 740 4539 pessegs
756 4476 784 4525 of
793 4478 876 4526 Cicero
888 4494 914 4526 ee
946 4480 1068 4529 infolible

328 4534 441 4584 evidence
460 4538 487 4585 ot
501 4540 542 4587 the
561 4556 604 4587 use
625 4541 653 4588 of
677 4542 801 4604 fmocror'
820 4543 845 4590 in
872 4543 915 4591 the
999 4540 1004 4550 '
