3517 5325
720 483 822 550 GAP.
847 483 985 552 15-17.
1386 485 1450 552 217

245 670 326 735 satis
339 675 391 735 est
404 675 442 734 ιιι
456 667 520 732 rim
539 667 659 732 factam
673 669 810 754 probem
834 667 868 731 in
889 689 1002 732 manus
1026 689 1132 732 eorum
1155 667 1292 732 incidere
1314 689 1377 732 non
1400 675 1451 732 est

245 768 345 832 satist
389 767 554 852 Aspectus
567 773 764 831 armatorum
786 765 828 829 ad
843 765 905 828 vim
930 766 1126 850 probandam
1141 765 1280 840 valebit;
1305 765 1451 830 incursus

246 873 281 930 et
295 866 433 950 impetus
447 887 512 929 non
526 865 666 930 valebit?
688 865 742 950 qui
757 865 873 930 abierit
888 865 1011 929 facilius
1026 865 1086 928 sibi
1098 865 1161 928 vim
1175 864 1292 928 factam
1304 851 1451 948 probabit

247 985 342 1048 quom
367 963 423 1048 qui
445 963 613 1048 effugeritl
657 965 706 1028 At
725 985 786 1048 ego
810 965 871 1028 boc
897 964 989 1028 dico:
1015 963 1052 1042 si,
1079 969 1116 1027 ut
1140 962 1241 1048 primo
1263 961 1296 1024 in
1321 962 1452 1026 castello
1509 961 1520 967 “

248 1061 406 1126 Caecinae
428 1061 513 1126 dixit
539 1060 701 1126 Aebutius
724 1084 759 1126 se
785 1061 931 1126 homines
957 1061 1100 1146 coegisse
1126 1068 1333 1154 et'armasse,
1350 1081 1452 1144 neque

247 1160 336 1223 illum
360 1159 389 1222 si
412 1181 451 1223 eo
474 1159 666 1224 accessisset
688 1159 859 1234 abiturum,
874 1159 986 1223 statim
1011 1159 1148 1223 Caecina
1173 1156 1379 1234 discessisset,
1396 1157 1453 1220 du·

247 1257 353 1322 bitere
378 1279 436 1320 vos
457 1278 522 1320 non
545 1257 694 1321 debuisse
717 1257 793 1343 quin
817 1257 975 1322 Caecinae
1002 1257 1089 1321 lacta
1111 1255 1158 1320 vis
1184 1264 1289 1320 esset:
1325 1255 1451 1333 sivero,

248 1353 381 1418 simulac
396 1353 507 1440 procul
521 1354 688 1440 conspexit
701 1361 854 1431 armatos,
868 1353 1063 1432 recessisset,
1081 1375 1119 1434 eo
1134 1353 1239 1416 minus
1254 1352 1453 1416 dubitaretis.

249 1451 362 1516 Omnis
377 1452 461 1516 enim
474 1451 523 1516 vis
536 1457 588 1516 est
607 1474 689 1537 quae
708 1452 847 1537 periculo
870 1459 929 1516 aut
952 1451 1105 1516 decedere
1127 1473 1186 1516 nos
1207 1451 1351 1515 alicunde
1367 1449 1455 1537 cogit

248 1557 306 1614 aut
320 1549 466 1634 probibet
480 1550 641 1613 accedere.
687 1548 781 1628 Quod
804 1548 833 1612 si
854 1548 948 1613 aliter
962 1548 1126 1625 statuetis,
1143 1548 1250 1613 videte
1265 1571 1305 1613 ne
1321 1550 1382 1612 hoc
1398 1569 1455 1612 vos

248 1647 411 1725 statuatis,
436 1647 490 1732 qui
515 1647 605 1711 virus
628 1646 821 1725 discesserit,
841 1647 951 1711 civim
976 1668 1038 1710 non
1064 1669 1135 1711 esse
1159 1647 1301 1720 factam
1328 1667 1368 1710 ne
1394 1645 1455 1709 hoc

250 1745 398 1810 omnibus
413 1745 445 1808 in
456 1743 691 1830 possessionum
702 1743 926 1810 controversiis
938 1744 1165 1830 praescribatis
1176 1753 1213 1809 ut
1225 1743 1456 1830 confligendum

250 1843 312 1907 sibi
327 1850 362 1906 et
375 1842 472 1906 arrnis
486 1842 714 1906 decertandum
726 1849 861 1928 putent;
878 1863 929 1921 ne,
943 1842 1205 1927 quemadmodum
1218 1841 1250 1906 in
1261 1842 1343 1906 bello
1354 1863 1456 1928 poena

251 1939 375 2026 ignavis
388 1940 431 2005 ab
445 1939 692 2024 imperatoribus
706 1940 924 2017 constituitur,
939 1939 985 2004 sio
1001 1940 1033 2004 in
1045 1940 1173 2026 judiciis
1188 1939 1328 2005 deterior
1343 1961 1457 2004 caussa

252 2039 296 2103 sit
309 2059 418 2103 eorum
432 2037 487 2122 qui
500 2037 642 2120 fugerint
656 2059 751 2124 quam
767 2039 820 2124 qui
841 2039 884 2103 ad
904 2046 1081 2104 extremum
1102 2059 1202 2124 usque
1222 2037 1456 2104 contenderint.

255 2137 361 2218 Quum
376 2137 416 2200 de
436 2136 511 2219 jure
535 2145 570 2200 et
592 2134 744 2222 legitimis
758 2136 920 2200 hominum
935 2136 1160 2202 controversiis
1183 2135 1349 2220 loquimur,
1366 2149 1401 2200 et
1424 2135 1457 2197 in

252 2233 303 2297 his
317 2235 411 2298 rebus
425 2233 490 2298 vim
513 2233 723 2308 nominamus,
739 2235 903 2318 pertenuis
923 2235 971 2298 vis
994 2235 1127 2320 intelligi
1152 2235 1257 2298 debet.
1305 2233 1382 2296 Vidi
1406 2254 1457 2296 sr-

252 2339 357 2396 matos
370 2331 514 2419 quamvis
527 2353 666 2416 paucos:
689 2353 807 2416 magna
818 2331 865 2395 vis
879 2339 940 2396 est.
986 2331 1119 2395 Decessi
1135 2331 1226 2396 unius
1241 2331 1377 2394 hominis
1391 2330 1457 2395 telo

253 2429 461 2514 perterritus:
486 2430 633 2514 dejectus
648 2429 859 2514 detrususque
873 2449 956 2494 sum.
1002 2428 1076 2492 Hoc
1100 2427 1128 2492 si
1151 2429 1198 2492 ita
1217 2427 1377 2506 statuetis,
1394 2449 1458 2490 non

252 2529 348 2592 modo
362 2550 426 2592 non
440 2527 502 2591 erit
517 2549 574 2590 cur
588 2528 769 2611 depugnare
792 2526 957 2610 quisquam
972 2525 1107 2610 posthac
1122 2525 1331 2612 possessionis
1346 2547 1458 2591 caussa

252 2625 338 2701 velit,
364 2625 424 2690 sed
447 2647 488 2689 ne
511 2624 588 2688 illud
614 2623 751 2709 quidem,
773 2645 830 2687 cur
853 2644 1040 2709 repugnare.
1087 2621 1143 2687 Sin
1167 2631 1274 2688 autem
1300 2623 1363 2688 vim
1390 2624 1458 2689 sine

250 2724 358 2800 caede,
385 2722 454 2785 sine
483 2721 709 2797 vulneratione,
740 2720 809 2784 sine
838 2720 1002 2805 sanguine,
1020 2720 1137 2785 nullam
1167 2720 1360 2809 intelligetis,
1392 2729 1457 2787 sta·

252 2820 354 2883 tuetis
376 2817 519 2881 homines
544 2817 755 2903 possessionis
778 2816 958 2904 cupidiores
977 2840 1072 2903 quam
1096 2818 1180 2883 vitae
1203 2840 1273 2883 esse
1297 2827 1457 2905 oportere.

254 2915 378 2981 XVII.
402 2916 476 3001 Age
496 2937 581 2992 vero,
599 2916 639 2979 de
662 2915 692 2979 vi
715 2922 750 2980 te
774 2913 878 3001 ipsum
903 2915 1026 2980 habebo
1048 2916 1199 3001 judicem,
1216 2917 1348 2982 Aebuti.
1394 2916 1457 2981 Re-

189 3068 193 3072 .
252 3013 385 3098 sponde,
400 3012 428 3076 si
451 3012 511 3077 tibi
525 3012 661 3078 videtur.
707 3011 747 3077 In
770 3013 902 3077 fundum
918 3013 1055 3079 Caecina
1079 3022 1188 3079 utrum
1212 3015 1341 3079 tandem
1357 3016 1460 3080 noluit

255 3130 297 3171 an
312 3129 375 3171 non
390 3106 499 3192 potuit
519 3106 693 3172 accederet
738 3106 843 3187 Quum
867 3114 902 3172 te
924 3108 1087 3172 obstitisse
1114 3116 1149 3173 et
1172 3109 1344 3195 reppulisse
1369 3110 1457 3187 dicis,

254 3210 343 3269 certe
357 3204 442 3269 hunc
456 3204 593 3269 voluisse
607 3204 767 3271 concedis.
810 3204 911 3270 Potes
926 3206 1025 3291 igitur
1040 3207 1146 3272 dicere
1158 3228 1221 3272 non
1237 3207 1266 3271 ei
1282 3207 1344 3271 vim
1359 3208 1456 3271 fuisse

253 3302 489 3387 impedimento,
517 3302 578 3377 cui,
603 3324 700 3388 quum
723 3311 856 3388 cuperet
878 3326 980 3389 eoque
1004 3305 1135 3369 consilio
1159 3305 1306 3379 venisset,
1323 3328 1380 3390 per
1403 3306 1458 3369 hc

185 3390 191 3399 ’
254 3400 357 3464 mines
371 3409 502 3466 coactos
516 3423 580 3464 non
596 3400 639 3465 sit
652 3400 775 3466 licitum
789 3402 962 3467 accederet
1007 3403 1042 3469 Si
1063 3403 1145 3467 enim
1169 3402 1201 3469 id
1217 3405 1301 3489 quod
1323 3404 1460 3469 maxime

255 3498 356 3561 voluit
369 3498 455 3561 nullo
481 3498 574 3561 modo
598 3498 716 3583 potuit,
731 3498 779 3563 vis
803 3498 947 3585 profecto
967 3501 1121 3585 quaedam
1144 3500 1308 3566 obstiterit
1330 3524 1460 3567 necesse

255 3600 316 3671 est,
332 3603 391 3659 aut
413 3604 450 3659 tu
476 3594 538 3673 dic,
553 3596 757 3680 quamobrem
778 3618 876 3680 quum
898 3596 994 3661 vellet
1017 3598 1169 3663 accedere
1192 3620 1254 3663 non
1278 3601 1459 3663 accesserit.

255 3691 333 3755 Jsm
362 3693 426 3756 vim
450 3693 569 3757 factam
593 3714 710 3777 negare
736 3714 800 3755 non
823 3700 935 3778 potes:
960 3694 1104 3778 dejectus
1129 3697 1392 3780 quemadmodum
1417 3696 1461 3760 sit

255 3790 387 3874 quinon
401 3790 586 3867 accesserit,
603 3790 634 3854 id
651 3789 825 3875 quaeritur.
871 3789 1042 3855 Demoveri
1058 3792 1141 3855 enirn
1157 3800 1191 3855 et
1206 3792 1320 3876 depelli
1336 3792 1460 3855 deloco

254 3908 386 3951 necesse
409 3895 460 3952 est
481 3910 554 3952 eum
577 3888 630 3973 qui
646 3888 832 3972 dejiciatur:
859 3886 892 3950 id
916 3896 1025 3951 autem
1045 3890 1188 3953 accidere
1212 3890 1240 3951 ei
1265 3888 1316 3973 qui
1341 3896 1459 3973 potest,

255 3985 309 4069 qui
324 3985 451 4049 omnino
466 3986 499 4049 in
513 4008 551 4049 eo
566 3985 646 4061 loco,
662 3986 747 4048 unde
769 4007 805 4048 se
827 3984 988 4067 dejectum
1004 4007 1074 4048 esse
1089 3986 1177 4063 dicit,
1194 4008 1365 4070 numquam
1381 3986 1461 4050 fuiti

256 4082 349 4162 Quid,
360 4082 387 4144 si
402 4082 515 4147 luisset
530 4090 564 4146 et
575 4104 614 4145 ex
630 4103 668 4145 eo
683 4082 754 4145 loco
769 4089 857 4145 metu
869 4088 1034 4165 permotus
1048 4081 1193 4166 fugisset,
1208 4105 1305 4167 quum
1319 4092 1461 4148 armatos

254 4179 397 4255 vidisset,
413 4180 575 4244 diceresne
598 4202 667 4241 esse
693 4180 874 4262 dejectum?
921 4178 1052 4263 Opinor.
1099 4180 1152 4242 An
1177 4180 1282 4265 tuqui
1303 4188 1370 4243 tam
1392 4181 1460 4243 dili-

255 4285 369 4361 genter
383 4286 418 4342 et
432 4284 500 4341 tam
515 4275 627 4339 callide
640 4275 746 4338 verbis
760 4276 1007 4340 controversiam
1032 4298 1094 4339 non
1117 4277 1280 4363 aequitate
1295 4277 1460 4362 dijudicas,

255 4382 291 4439 et
301 4376 375 4459 jura
390 4398 452 4438 non
467 4374 608 4439 utilitate
623 4372 783 4436 communi
798 4372 855 4436 sed
868 4373 986 4437 litteris
997 4373 1156 4459 exprimis,
1170 4375 1331 4461 poterisne
1345 4375 1459 4455 dicere,

420 4596 491 4643 illum
501 4596 524 4642 si
532 4594 571 4656 eo]
591 4598 662 4641 ‘eum
673 4594 694 4640 ri
704 4594 746 4641 illo
753 4592 769 4641 ι’
787 4593 876 4647 Baiter.

420 4660 514 4708 nullm
528 4658 690 4723 intelligetis]
711 4658 785 4707 Klotz
795 4658 865 4707 reads
876 4664 882 4687 ¹
893 4658 1032 4723 intelligitis,
1044 4660 1166 4713 souitu
