<?xml version="1.0" encoding="UTF-8"?>
<!DOCTYPE html PUBLIC "-//W3C//DTD XHTML 1.0 Transitional//EN"
    "http://www.w3.org/TR/xhtml1/DTD/xhtml1-transitional.dtd">
<html xmlns="http://www.w3.org/1999/xhtml" xml:lang="en" lang="en">
 <head>
  <title>
</title>
<meta http-equiv="Content-Type" content="text/html;charset=utf-8" />
  <meta name='ocr-system' content='tesseract 3.04.00' />
  <meta name='ocr-capabilities' content='ocr_page ocr_carea ocr_par ocr_line ocrx_word'/>
</head>
<body>
  <div class='ocr_page' id='page_1' title='image "./mtulliiciceroni02longgoog/mtulliiciceroni02longgoog_0347.png"; bbox 0 0 3517 5325; ppageno 0'>
   <div class='ocr_carea' id='block_1_1' title="bbox 329 465 1224 550">
    <p class='ocr_par' dir='ltr' id='par_1_1' title="bbox 329 465 1224 550">
     <span class='ocr_line' id='line_1_1' title="bbox 329 465 1224 550; baseline -0.026 0"><span class='ocrx_word' id='word_1_1' title='bbox 329 487 392 550; x_wconf 84' lang='grc'><strong>338</strong></span> <span class='ocrx_word' id='word_1_2' title='bbox 551 531 554 538; x_wconf 95' lang='grc'><em>.</em></span> <span class='ocrx_word' id='word_1_3' title='bbox 638 473 773 540; x_wconf 83' lang='lat' dir='ltr'><strong>ORAT.</strong></span> <span class='ocrx_word' id='word_1_4' title='bbox 798 469 890 536; x_wconf 83' lang='lat' dir='ltr'><strong>PRO</strong></span> <span class='ocrx_word' id='word_1_5' title='bbox 915 468 959 533; x_wconf 82' lang='lat' dir='ltr'><strong>A.</strong></span> <span class='ocrx_word' id='word_1_6' title='bbox 982 465 1224 532; x_wconf 84' lang='lat' dir='ltr'><strong>OLUENTIO</strong></span> 
     </span>
    </p>
   </div>
   <div class='ocr_carea' id='block_1_2' title="bbox 329 629 1550 3170">
    <p class='ocr_par' dir='ltr' id='par_1_2' title="bbox 329 629 1550 3170">
     <span class='ocr_line' id='line_1_2' title="bbox 329 629 1546 741; baseline -0.021 -22"><span class='ocrx_word' id='word_1_7' title='bbox 329 650 460 741; x_wconf 80' lang='lat' dir='ltr'>ignobili</span> <span class='ocrx_word' id='word_1_8' title='bbox 480 651 552 714; x_wconf 91' lang='lat' dir='ltr'><strong>loco</strong></span> <span class='ocrx_word' id='word_1_9' title='bbox 572 655 667 712; x_wconf 87' lang='lat' dir='ltr'><strong>natus</strong></span> <span class='ocrx_word' id='word_1_10' title='bbox 692 645 739 708; x_wconf 90' lang='lat' dir='ltr'><strong>ita</strong></span> <span class='ocrx_word' id='word_1_11' title='bbox 759 642 836 708; x_wconf 85' lang='lat' dir='ltr'><strong>vivit</strong></span> <span class='ocrx_word' id='word_1_12' title='bbox 859 647 895 705; x_wconf 86' lang='lat' dir='ltr'><strong>ut</strong></span> <span class='ocrx_word' id='word_1_13' title='bbox 918 636 1096 704; x_wconf 75' lang='lat' dir='ltr'><strong>nobilitatis</strong></span> <span class='ocrx_word' id='word_1_14' title='bbox 1117 635 1306 720; x_wconf 86' lang='lat' dir='ltr'><strong>dignitatem</strong></span> <span class='ocrx_word' id='word_1_15' title='bbox 1320 630 1441 696; x_wconf 81' lang='lat' dir='ltr'><strong>virtute</strong></span> <span class='ocrx_word' id='word_1_16' title='bbox 1455 629 1546 696; x_wconf 88' lang='lat' dir='ltr'><strong>tueri</strong></span> 
     </span>
     <span class='ocr_line' id='line_1_3' title="bbox 329 729 1545 838; baseline -0.021 -22"><span class='ocrx_word' id='word_1_17' title='bbox 329 773 423 838; x_wconf 89' lang='lat' dir='ltr'><strong>posse</strong></span> <span class='ocrx_word' id='word_1_18' title='bbox 438 750 591 824; x_wconf 85' lang='lat' dir='ltr'><strong>videatur,</strong></span> <span class='ocrx_word' id='word_1_19' title='bbox 616 765 715 828; x_wconf 90' lang='lat' dir='ltr'><strong>usque</strong></span> <span class='ocrx_word' id='word_1_20' title='bbox 738 763 775 806; x_wconf 89' lang='lat' dir='ltr'><strong>eo</strong></span> <span class='ocrx_word' id='word_1_21' title='bbox 795 738 939 825; x_wconf 85' lang='lat' dir='ltr'><strong>pervenit</strong></span> <span class='ocrx_word' id='word_1_22' title='bbox 959 735 1064 821; x_wconf 89' lang='lat' dir='ltr'><strong>quoad</strong></span> <span class='ocrx_word' id='word_1_23' title='bbox 1085 755 1157 798; x_wconf 90' lang='lat' dir='ltr'><strong>eum</strong></span> <span class='ocrx_word' id='word_1_24' title='bbox 1179 731 1335 797; x_wconf 87' lang='lat' dir='ltr'><strong>industria</strong></span> <span class='ocrx_word' id='word_1_25' title='bbox 1356 752 1430 794; x_wconf 90' lang='lat' dir='ltr'><strong>cnm</strong></span> <span class='ocrx_word' id='word_1_26' title='bbox 1451 729 1545 793; x_wconf 90' lang='lat' dir='ltr'><strong>iunc-</strong></span> 
     </span>
     <span class='ocr_line' id='line_1_4' title="bbox 331 827 1546 931; baseline -0.018 -18"><span class='ocrx_word' id='word_1_27' title='bbox 331 847 436 913; x_wconf 87' lang='lat' dir='ltr'><strong>centia</strong></span> <span class='ocrx_word' id='word_1_28' title='bbox 465 849 635 931; x_wconf 89' lang='lat' dir='ltr'><strong>prosecuta</strong></span> <span class='ocrx_word' id='word_1_29' title='bbox 664 847 724 904; x_wconf 88' lang='lat' dir='ltr'><strong>est.</strong></span> <span class='ocrx_word' id='word_1_30' title='bbox 771 838 806 901; x_wconf 90' lang='lat' dir='ltr'><strong>Si</strong></span> <span class='ocrx_word' id='word_1_31' title='bbox 831 836 902 921; x_wconf 89' lang='lat' dir='ltr'><strong>quis</strong></span> <span class='ocrx_word' id='word_1_32' title='bbox 931 842 1040 898; x_wconf 86' lang='lat' dir='ltr'><strong>autem</strong></span> <span class='ocrx_word' id='word_1_33' title='bbox 1068 833 1129 896; x_wconf 93' lang='lat' dir='ltr'><strong>boc</strong></span> <span class='ocrx_word' id='word_1_34' title='bbox 1157 853 1222 894; x_wconf 93' lang='lat' dir='ltr'><strong>uno</strong></span> <span class='ocrx_word' id='word_1_35' title='bbox 1245 829 1359 893; x_wconf 91' lang='lat' dir='ltr'><strong>nititur</strong></span> <span class='ocrx_word' id='word_1_36' title='bbox 1381 828 1468 912; x_wconf 89' lang='lat' dir='ltr'><strong>quod</strong></span> <span class='ocrx_word' id='word_1_37' title='bbox 1497 827 1546 892; x_wconf 88' lang='lat' dir='ltr'><strong>ait</strong></span> 
     </span>
     <span class='ocr_line' id='line_1_5' title="bbox 331 925 1545 1030; baseline -0.018 -21"><span class='ocrx_word' id='word_1_38' title='bbox 331 943 489 1030; x_wconf 85' lang='lat' dir='ltr'><strong>ignobilis,</strong></span> <span class='ocrx_word' id='word_1_39' title='bbox 506 939 650 1026; x_wconf 75' lang='lat' dir='ltr'><strong>procedit</strong></span> <span class='ocrx_word' id='word_1_40' title='bbox 665 957 759 1020; x_wconf 81' lang='lat' dir='ltr'>saepe</span> <span class='ocrx_word' id='word_1_41' title='bbox 774 933 901 1018; x_wconf 86' lang='lat' dir='ltr'><strong>longius</strong></span> <span class='ocrx_word' id='word_1_42' title='bbox 915 953 1010 1016; x_wconf 89' lang='lat' dir='ltr'><strong>quam</strong></span> <span class='ocrx_word' id='word_1_43' title='bbox 1025 929 1052 994; x_wconf 93' lang='lat' dir='ltr'><strong>si</strong></span> <span class='ocrx_word' id='word_1_44' title='bbox 1075 929 1159 992; x_wconf 91' lang='lat' dir='ltr'><strong>idem</strong></span> <span class='ocrx_word' id='word_1_45' title='bbox 1173 928 1225 992; x_wconf 92' lang='lat' dir='ltr'><strong>ille</strong></span> <span class='ocrx_word' id='word_1_46' title='bbox 1239 933 1325 990; x_wconf 89' lang='lat' dir='ltr'><strong>esset</strong></span> <span class='ocrx_word' id='word_1_47' title='bbox 1340 945 1413 990; x_wconf 91' lang='lat' dir='ltr'><strong>cum</strong></span> <span class='ocrx_word' id='word_1_48' title='bbox 1428 925 1545 988; x_wconf 88' lang='lat' dir='ltr'><strong>iisdem</strong></span> 
     </span>
     <span class='ocr_line' id='line_1_6' title="bbox 331 1021 1545 1112; baseline -0.018 -6"><span class='ocrx_word' id='word_1_49' title='bbox 331 1043 397 1106; x_wconf 88' lang='lat' dir='ltr'><strong>suis</strong></span> <span class='ocrx_word' id='word_1_50' title='bbox 413 1039 499 1104; x_wconf 88' lang='lat' dir='ltr'><strong>vitiis</strong></span> <span class='ocrx_word' id='word_1_51' title='bbox 514 1035 739 1101; x_wconf 88' lang='lat' dir='ltr'><strong>nobilissimus.</strong></span> <span class='ocrx_word' id='word_1_52' title='bbox 784 1029 836 1094; x_wconf 90' lang='lat' dir='ltr'><strong>Ut</strong></span> <span class='ocrx_word' id='word_1_53' title='bbox 848 1028 1007 1112; x_wconf 78' lang='lat' dir='ltr'><strong>Quintius,</strong></span> <span class='ocrx_word' id='word_1_54' title='bbox 1023 1026 1194 1090; x_wconf 88' lang='lat' dir='ltr'><strong>nihileuim</strong></span> <span class='ocrx_word' id='word_1_55' title='bbox 1209 1025 1313 1088; x_wconf 89' lang='lat' dir='ltr'><strong>dicam</strong></span> <span class='ocrx_word' id='word_1_56' title='bbox 1322 1024 1362 1086; x_wconf 89' lang='lat' dir='ltr'><strong>de</strong></span> <span class='ocrx_word' id='word_1_57' title='bbox 1376 1022 1503 1098; x_wconf 89' lang='lat' dir='ltr'><strong>ceteris,</strong></span> <span class='ocrx_word' id='word_1_58' title='bbox 1513 1021 1545 1085; x_wconf 89' lang='lat' dir='ltr'><strong>si</strong></span> 
     </span>
     <span class='ocr_line' id='line_1_7' title="bbox 332 1120 1546 1215; baseline -0.016 -11"><span class='ocrx_word' id='word_1_59' title='bbox 332 1140 443 1204; x_wconf 86' lang='lat' dir='ltr'><strong>fuisset</strong></span> <span class='ocrx_word' id='word_1_60' title='bbox 458 1137 552 1200; x_wconf 89' lang='lat' dir='ltr'><strong>homo</strong></span> <span class='ocrx_word' id='word_1_61' title='bbox 574 1133 697 1208; x_wconf 93' lang='lat' dir='ltr'><strong>nobilis,</strong></span> <span class='ocrx_word' id='word_1_62' title='bbox 722 1128 792 1215; x_wconf 92' lang='lat' dir='ltr'><strong>quis</strong></span> <span class='ocrx_word' id='word_1_63' title='bbox 815 1149 886 1192; x_wconf 89' lang='lat' dir='ltr'><strong>eum</strong></span> <span class='ocrx_word' id='word_1_64' title='bbox 910 1148 983 1190; x_wconf 92' lang='lat' dir='ltr'><strong>cum</strong></span> <span class='ocrx_word' id='word_1_65' title='bbox 997 1125 1051 1188; x_wconf 91' lang='lat' dir='ltr'><strong>illa</strong></span> <span class='ocrx_word' id='word_1_66' title='bbox 1064 1123 1213 1209; x_wconf 89' lang='lat' dir='ltr'><strong>superbia</strong></span> <span class='ocrx_word' id='word_1_67' title='bbox 1226 1129 1323 1207; x_wconf 87' lang='lat' dir='ltr'><strong>atquc</strong></span> <span class='ocrx_word' id='word_1_68' title='bbox 1336 1120 1546 1184; x_wconf 74' lang='lat' dir='ltr'><strong>intolerantia</strong></span> 
     </span>
     <span class='ocr_line' id='line_1_8' title="bbox 333 1219 1547 1320; baseline -0.017 -18"><span class='ocrx_word' id='word_1_69' title='bbox 333 1239 416 1302; x_wconf 88' lang='lat' dir='ltr'><strong>ierre</strong></span> <span class='ocrx_word' id='word_1_70' title='bbox 431 1232 613 1320; x_wconf 67' lang='lat' dir='ltr'><strong>potuisset?</strong></span> <span class='ocrx_word' id='word_1_71' title='bbox 658 1229 751 1310; x_wconf 79' lang='lat' dir='ltr'><strong>Quod</strong></span> <span class='ocrx_word' id='word_1_72' title='bbox 766 1249 805 1290; x_wconf 93' lang='lat' dir='ltr'><strong>eo</strong></span> <span class='ocrx_word' id='word_1_73' title='bbox 819 1227 891 1290; x_wconf 93' lang='lat' dir='ltr'><strong>loco</strong></span> <span class='ocrx_word' id='word_1_74' title='bbox 906 1224 977 1300; x_wconf 84' lang='lat' dir='ltr'><strong>fuit,</strong></span> <span class='ocrx_word' id='word_1_75' title='bbox 994 1223 1041 1288; x_wconf 90' lang='lat' dir='ltr'><strong>ita</strong></span> <span class='ocrx_word' id='word_1_76' title='bbox 1055 1221 1198 1286; x_wconf 87' lang='lat' dir='ltr'><strong>tulerunt</strong></span> <span class='ocrx_word' id='word_1_77' title='bbox 1213 1228 1260 1297; x_wconf 90' lang='lat' dir='ltr'><strong>ut,</strong></span> <span class='ocrx_word' id='word_1_78' title='bbox 1277 1220 1304 1284; x_wconf 91' lang='lat' dir='ltr'><strong>si</strong></span> <span class='ocrx_word' id='word_1_79' title='bbox 1319 1219 1395 1304; x_wconf 89' lang='lat' dir='ltr'><strong>quid</strong></span> <span class='ocrx_word' id='word_1_80' title='bbox 1409 1219 1547 1282; x_wconf 88' lang='lat' dir='ltr'><strong>haberet</strong></span> 
     </span>
     <span class='ocr_line' id='line_1_9' title="bbox 333 1319 1547 1414; baseline -0.018 -12"><span class='ocrx_word' id='word_1_81' title='bbox 333 1361 354 1402; x_wconf 89' lang='lat' dir='ltr'><strong>a</strong></span> <span class='ocrx_word' id='word_1_82' title='bbox 382 1343 498 1399; x_wconf 88' lang='lat' dir='ltr'><strong>natura</strong></span> <span class='ocrx_word' id='word_1_83' title='bbox 521 1330 607 1405; x_wconf 88' lang='lat' dir='ltr'><strong>boni,</strong></span> <span class='ocrx_word' id='word_1_84' title='bbox 633 1328 784 1414; x_wconf 80' lang='lat' dir='ltr'><strong>prodesse</strong></span> <span class='ocrx_word' id='word_1_85' title='bbox 814 1325 843 1390; x_wconf 93' lang='lat' dir='ltr'><strong>ei</strong></span> <span class='ocrx_word' id='word_1_86' title='bbox 866 1329 1020 1410; x_wconf 88' lang='lat' dir='ltr'><strong>putarent</strong></span> <span class='ocrx_word' id='word_1_87' title='bbox 1049 1329 1204 1405; x_wconf 85' lang='lat' dir='ltr'><strong>oportere,</strong></span> <span class='ocrx_word' id='word_1_88' title='bbox 1228 1319 1409 1405; x_wconf 88' lang='lat' dir='ltr'><strong>superbiam</strong></span> <span class='ocrx_word' id='word_1_89' title='bbox 1433 1325 1547 1381; x_wconf 78' lang='lat' dir='ltr'><strong>autem</strong></span> 
     </span>
     <span class='ocr_line' id='line_1_10' title="bbox 334 1417 1548 1515; baseline -0.017 -17"><span class='ocrx_word' id='word_1_90' title='bbox 334 1441 431 1515; x_wconf 90' lang='lat' dir='ltr'><strong>atque</strong></span> <span class='ocrx_word' id='word_1_91' title='bbox 453 1427 669 1514; x_wconf 75' lang='lat' dir='ltr'><strong>arrogantiam</strong></span> <span class='ocrx_word' id='word_1_92' title='bbox 698 1425 768 1509; x_wconf 88' lang='lat' dir='ltr'><strong>ejus</strong></span> <span class='ocrx_word' id='word_1_93' title='bbox 794 1421 1000 1486; x_wconf 79' lang='lat' dir='ltr'><strong>deridendam</strong></span> <span class='ocrx_word' id='word_1_94' title='bbox 1025 1417 1128 1502; x_wconf 89' lang='lat' dir='ltr'><strong>magis</strong></span> <span class='ocrx_word' id='word_1_95' title='bbox 1156 1417 1388 1482; x_wconf 79' lang='lat' dir='ltr'><strong>arbitrarentur</strong></span> <span class='ocrx_word' id='word_1_96' title='bbox 1412 1423 1548 1500; x_wconf 88' lang='lat' dir='ltr'><strong>propter</strong></span> 
     </span>
     <span class='ocr_line' id='line_1_11' title="bbox 334 1513 1548 1606; baseline -0.017 -10"><span class='ocrx_word' id='word_1_97' title='bbox 334 1529 548 1596; x_wconf 85' lang='lat' dir='ltr'><strong>humilitatem</strong></span> <span class='ocrx_word' id='word_1_98' title='bbox 570 1523 706 1590; x_wconf 90' lang='lat' dir='ltr'><strong>hominis</strong></span> <span class='ocrx_word' id='word_1_99' title='bbox 736 1542 830 1606; x_wconf 90' lang='lat' dir='ltr'><strong>quam</strong></span> <span class='ocrx_word' id='word_1_100' title='bbox 854 1516 1150 1604; x_wconf 78' lang='lat' dir='ltr'><strong>pertimescendam.</strong></span> <span class='ocrx_word' id='word_1_101' title='bbox 1203 1515 1301 1578; x_wconf 88' lang='lat' dir='ltr'><strong>XLI.</strong></span> <span class='ocrx_word' id='word_1_102' title='bbox 1325 1515 1390 1579; x_wconf 89' lang='lat' dir='ltr'><strong>Sed</strong></span> <span class='ocrx_word' id='word_1_103' title='bbox 1411 1521 1449 1578; x_wconf 90' lang='lat' dir='ltr'><strong>ut</strong></span> <span class='ocrx_word' id='word_1_104' title='bbox 1469 1513 1548 1576; x_wconf 89' lang='lat' dir='ltr'><strong>illuc</strong></span> 
     </span>
     <span class='ocr_line' id='line_1_12' title="bbox 336 1611 1548 1710; baseline -0.016 -17"><span class='ocrx_word' id='word_1_105' title='bbox 336 1635 487 1700; x_wconf 85' lang='lat' dir='ltr'><strong>revertar,</strong></span> <span class='ocrx_word' id='word_1_106' title='bbox 512 1646 575 1710; x_wconf 93' lang='lat' dir='ltr'><strong>quo</strong></span> <span class='ocrx_word' id='word_1_107' title='bbox 597 1633 740 1706; x_wconf 89' lang='lat' dir='ltr'><strong>tempore</strong></span> <span class='ocrx_word' id='word_1_108' title='bbox 758 1617 976 1683; x_wconf 79' lang='lat' dir='ltr'><strong>Fidiculanius</strong></span> <span class='ocrx_word' id='word_1_109' title='bbox 999 1621 1050 1678; x_wconf 76' lang='lat' dir='ltr'><strong>est</strong></span> <span class='ocrx_word' id='word_1_110' title='bbox 1068 1613 1245 1691; x_wconf 89' lang='lat' dir='ltr'><strong>absolutus,</strong></span> <span class='ocrx_word' id='word_1_111' title='bbox 1272 1622 1319 1689; x_wconf 89' lang='lat' dir='ltr'><strong>tu,</strong></span> <span class='ocrx_word' id='word_1_112' title='bbox 1346 1613 1401 1698; x_wconf 90' lang='lat' dir='ltr'><strong>qui</strong></span> <span class='ocrx_word' id='word_1_113' title='bbox 1423 1611 1548 1697; x_wconf 89' lang='lat' dir='ltr'><strong>judicia</strong></span> 
     </span>
     <span class='ocr_line' id='line_1_13' title="bbox 336 1711 1549 1802; baseline -0.015 -12"><span class='ocrx_word' id='word_1_114' title='bbox 336 1727 424 1790; x_wconf 85' lang='lat' dir='ltr'><strong>lacta</strong></span> <span class='ocrx_word' id='word_1_115' title='bbox 458 1739 695 1794; x_wconf 86' lang='lat' dir='ltr'><strong>commemoras,</strong></span> <span class='ocrx_word' id='word_1_116' title='bbox 732 1715 807 1802; x_wconf 94' lang='lat' dir='ltr'><strong>quid</strong></span> <span class='ocrx_word' id='word_1_117' title='bbox 837 1722 907 1780; x_wconf 91' lang='lat' dir='ltr'><strong>tum</strong></span> <span class='ocrx_word' id='word_1_118' title='bbox 935 1733 1006 1776; x_wconf 87' lang='lat' dir='ltr'><strong>esse</strong></span> <span class='ocrx_word' id='word_1_119' title='bbox 1035 1711 1200 1775; x_wconf 84' lang='lat' dir='ltr'><strong>existimas</strong></span> <span class='ocrx_word' id='word_1_120' title='bbox 1224 1711 1426 1795; x_wconf 72' lang='lat' dir='ltr'><strong>judicatum!</strong></span> <span class='ocrx_word' id='word_1_121' title='bbox 1456 1716 1549 1773; x_wconf 81' lang='lat' dir='ltr'><strong>certe</strong></span> 
     </span>
     <span class='ocr_line' id='line_1_14' title="bbox 338 1806 1548 1908; baseline -0.013 -24"><span class='ocrx_word' id='word_1_122' title='bbox 338 1822 440 1908; x_wconf 83' lang='lat' dir='ltr'><strong>gratis</strong></span> <span class='ocrx_word' id='word_1_123' title='bbox 462 1819 636 1904; x_wconf 87' lang='lat' dir='ltr'><strong>judicasse.</strong></span> <span class='ocrx_word' id='word_1_124' title='bbox 683 1815 731 1880; x_wconf 85' lang='lat' dir='ltr'><strong>At</strong></span> <span class='ocrx_word' id='word_1_125' title='bbox 754 1813 1002 1885; x_wconf 86' lang='lat' dir='ltr'><strong>condemnarat;</strong></span> <span class='ocrx_word' id='word_1_126' title='bbox 1027 1817 1063 1874; x_wconf 90' lang='lat' dir='ltr'><strong>at</strong></span> <span class='ocrx_word' id='word_1_127' title='bbox 1085 1831 1230 1874; x_wconf 89' lang='lat' dir='ltr'><strong>caussam</strong></span> <span class='ocrx_word' id='word_1_128' title='bbox 1252 1817 1355 1874; x_wconf 90' lang='lat' dir='ltr'><strong>totam</strong></span> <span class='ocrx_word' id='word_1_129' title='bbox 1375 1830 1438 1872; x_wconf 90' lang='lat' dir='ltr'><strong>non</strong></span> <span class='ocrx_word' id='word_1_130' title='bbox 1457 1806 1548 1871; x_wconf 91' lang='lat' dir='ltr'><strong>audi-</strong></span> 
     </span>
     <span class='ocr_line' id='line_1_15' title="bbox 339 1906 1548 1992; baseline -0.013 -9"><span class='ocrx_word' id='word_1_131' title='bbox 339 1926 430 1991; x_wconf 88' lang='lat' dir='ltr'><strong>erat;</strong></span> <span class='ocrx_word' id='word_1_132' title='bbox 455 1924 491 1981; x_wconf 87' lang='lat' dir='ltr'><strong>ai</strong></span> <span class='ocrx_word' id='word_1_133' title='bbox 513 1915 545 1978; x_wconf 93' lang='lat' dir='ltr'><strong>in</strong></span> <span class='ocrx_word' id='word_1_134' title='bbox 566 1912 769 1977; x_wconf 87' lang='lat' dir='ltr'><strong>contionibus</strong></span> <span class='ocrx_word' id='word_1_135' title='bbox 799 1908 975 1992; x_wconf 89' lang='lat' dir='ltr'><strong>[omnibus]</strong></span> <span class='ocrx_word' id='word_1_136' title='bbox 996 1929 1017 1970; x_wconf 90' lang='lat' dir='ltr'><strong>a</strong></span> <span class='ocrx_word' id='word_1_137' title='bbox 1038 1906 1075 1971; x_wconf 85' lang='lat' dir='ltr'><strong>L.</strong></span> <span class='ocrx_word' id='word_1_138' title='bbox 1101 1907 1232 1987; x_wconf 81' lang='lat' dir='ltr'><strong>Quintio</strong></span> <span class='ocrx_word' id='word_1_139' title='bbox 1250 1908 1454 1972; x_wconf 86' lang='lat' dir='ltr'><strong>vehementer</strong></span> <span class='ocrx_word' id='word_1_140' title='bbox 1474 1911 1548 1968; x_wconf 92' lang='lat' dir='ltr'><strong>erat</strong></span> 
     </span>
     <span class='ocr_line' id='line_1_16' title="bbox 340 2004 1548 2098; baseline -0.012 -18"><span class='ocrx_word' id='word_1_141' title='bbox 340 2023 375 2080; x_wconf 86' lang='lat' dir='ltr'><strong>et</strong></span> <span class='ocrx_word' id='word_1_142' title='bbox 396 2035 491 2098; x_wconf 89' lang='lat' dir='ltr'><strong>saepe</strong></span> <span class='ocrx_word' id='word_1_143' title='bbox 509 2009 760 2076; x_wconf 76' lang='lat' dir='ltr'><strong>vexatus-Illa</strong></span> <span class='ocrx_word' id='word_1_144' title='bbox 782 2007 879 2092; x_wconf 85' lang='lat' dir='ltr'><strong>igitur</strong></span> <span class='ocrx_word' id='word_1_145' title='bbox 906 2005 1012 2070; x_wconf 86' lang='lat' dir='ltr'><strong>omnia</strong></span> <span class='ocrx_word' id='word_1_146' title='bbox 1027 2004 1202 2084; x_wconf 77' lang='lat' dir='ltr'><strong>Quintiana</strong></span> <span class='ocrx_word' id='word_1_147' title='bbox 1223 2005 1340 2090; x_wconf 90' lang='lat' dir='ltr'><strong>iniqua,</strong></span> <span class='ocrx_word' id='word_1_148' title='bbox 1363 2005 1454 2081; x_wconf 79' lang='lat' dir='ltr'><strong>salsa,</strong></span> <span class='ocrx_word' id='word_1_149' title='bbox 1478 2012 1548 2067; x_wconf 91' lang='lat' dir='ltr'><strong>tur-</strong></span> 
     </span>
     <span class='ocr_line' id='line_1_17' title="bbox 340 2101 1548 2195; baseline -0.012 -18"><span class='ocrx_word' id='word_1_150' title='bbox 340 2113 484 2190; x_wconf 89' lang='lat' dir='ltr'><strong>bulenta,</strong></span> <span class='ocrx_word' id='word_1_151' title='bbox 508 2106 682 2195; x_wconf 88' lang='lat' dir='ltr'><strong>popularia,</strong></span> <span class='ocrx_word' id='word_1_152' title='bbox 707 2105 860 2169; x_wconf 89' lang='lat' dir='ltr'><strong>seditiosa</strong></span> <span class='ocrx_word' id='word_1_153' title='bbox 879 2103 1001 2187; x_wconf 88' lang='lat' dir='ltr'><strong>judicia</strong></span> <span class='ocrx_word' id='word_1_154' title='bbox 1021 2103 1159 2166; x_wconf 83' lang='lat' dir='ltr'><strong>fuerunt.</strong></span> <span class='ocrx_word' id='word_1_155' title='bbox 1215 2103 1315 2167; x_wconf 84' lang='lat' dir='ltr'><strong>Esto:</strong></span> <span class='ocrx_word' id='word_1_156' title='bbox 1347 2101 1454 2186; x_wconf 89' lang='lat' dir='ltr'><strong>potuit</strong></span> <span class='ocrx_word' id='word_1_157' title='bbox 1476 2121 1548 2164; x_wconf 85' lang='lat' dir='ltr'><strong>ease</strong></span> 
     </span>
     <span class='ocr_line' id='line_1_18' title="bbox 340 2199 1548 2288; baseline -0.012 -13"><span class='ocrx_word' id='word_1_158' title='bbox 340 2211 492 2274; x_wconf 89' lang='lat' dir='ltr'><strong>innocens</strong></span> <span class='ocrx_word' id='word_1_159' title='bbox 514 2205 659 2282; x_wconf 80' lang='lat' dir='ltr'><strong>Falcula.</strong></span> <span class='ocrx_word' id='word_1_160' title='bbox 704 2203 780 2268; x_wconf 88' lang='lat' dir='ltr'><strong>Jam</strong></span> <span class='ocrx_word' id='word_1_161' title='bbox 803 2224 880 2288; x_wconf 87' lang='lat' dir='ltr'><strong>ergo</strong></span> <span class='ocrx_word' id='word_1_162' title='bbox 906 2202 1020 2286; x_wconf 89' lang='lat' dir='ltr'><strong>aliquis</strong></span> <span class='ocrx_word' id='word_1_163' title='bbox 1045 2202 1254 2286; x_wconf 89' lang='lat' dir='ltr'><strong>Oppianicum</strong></span> <span class='ocrx_word' id='word_1_164' title='bbox 1276 2201 1377 2286; x_wconf 86' lang='lat' dir='ltr'><strong>gratis</strong></span> <span class='ocrx_word' id='word_1_165' title='bbox 1399 2199 1548 2264; x_wconf 90' lang='lat' dir='ltr'><strong>condem-</strong></span> 
     </span>
     <span class='ocr_line' id='line_1_19' title="bbox 342 2300 1550 2391; baseline -0.01 -18"><span class='ocrx_word' id='word_1_166' title='bbox 342 2309 449 2373; x_wconf 89' lang='lat' dir='ltr'><strong>navit:</strong></span> <span class='ocrx_word' id='word_1_167' title='bbox 472 2307 539 2391; x_wconf 90' lang='lat' dir='ltr'><strong>jam</strong></span> <span class='ocrx_word' id='word_1_168' title='bbox 560 2326 623 2368; x_wconf 92' lang='lat' dir='ltr'><strong>uon</strong></span> <span class='ocrx_word' id='word_1_169' title='bbox 647 2325 702 2368; x_wconf 82' lang='lat' dir='ltr'><strong>eos</strong></span> <span class='ocrx_word' id='word_1_170' title='bbox 725 2303 749 2365; x_wconf 90' lang='lat' dir='ltr'><strong>J</strong></span> <span class='ocrx_word' id='word_1_171' title='bbox 752 2303 843 2366; x_wconf 90' lang='lat' dir='ltr'><strong>unius</strong></span> <span class='ocrx_word' id='word_1_172' title='bbox 872 2301 1067 2365; x_wconf 88' lang='lat' dir='ltr'><strong>subsortitus</strong></span> <span class='ocrx_word' id='word_1_173' title='bbox 1089 2308 1141 2364; x_wconf 88' lang='lat' dir='ltr'><strong>est</strong></span> <span class='ocrx_word' id='word_1_174' title='bbox 1169 2300 1223 2386; x_wconf 90' lang='lat' dir='ltr'><strong>qui</strong></span> <span class='ocrx_word' id='word_1_175' title='bbox 1252 2300 1386 2386; x_wconf 88' lang='lat' dir='ltr'><strong>pecunia</strong></span> <span class='ocrx_word' id='word_1_176' title='bbox 1413 2306 1550 2383; x_wconf 89' lang='lat' dir='ltr'><strong>accepta</strong></span> 
     </span>
     <span class='ocr_line' id='line_1_20' title="bbox 342 2398 1548 2486; baseline -0.012 -14"><span class='ocrx_word' id='word_1_177' title='bbox 342 2407 610 2472; x_wconf 87' lang='lat' dir='ltr'><strong>condemnarent:</strong></span> <span class='ocrx_word' id='word_1_178' title='bbox 632 2403 700 2486; x_wconf 89' lang='lat' dir='ltr'><strong>jam</strong></span> <span class='ocrx_word' id='word_1_179' title='bbox 719 2401 827 2486; x_wconf 88' lang='lat' dir='ltr'><strong>potuit</strong></span> <span class='ocrx_word' id='word_1_180' title='bbox 846 2399 960 2484; x_wconf 87' lang='lat' dir='ltr'><strong>aliquis</strong></span> <span class='ocrx_word' id='word_1_181' title='bbox 980 2400 1022 2462; x_wconf 91' lang='lat' dir='ltr'><strong>ab</strong></span> <span class='ocrx_word' id='word_1_182' title='bbox 1044 2398 1135 2463; x_wconf 91' lang='lat' dir='ltr'><strong>initio</strong></span> <span class='ocrx_word' id='word_1_183' title='bbox 1155 2421 1219 2462; x_wconf 89' lang='lat' dir='ltr'><strong>non</strong></span> <span class='ocrx_word' id='word_1_184' title='bbox 1240 2400 1360 2463; x_wconf 83' lang='lat' dir='ltr'><strong>sedisse</strong></span> <span class='ocrx_word' id='word_1_185' title='bbox 1383 2406 1418 2462; x_wconf 93' lang='lat' dir='ltr'><strong>et</strong></span> <span class='ocrx_word' id='word_1_186' title='bbox 1439 2404 1548 2460; x_wconf 91' lang='lat' dir='ltr'><strong>tamen</strong></span> 
     </span>
     <span class='ocr_line' id='line_1_21' title="bbox 344 2493 1546 2589; baseline -0.007 -21"><span class='ocrx_word' id='word_1_187' title='bbox 344 2502 556 2589; x_wconf 86' lang='lat' dir='ltr'><strong>Oppianicum</strong></span> <span class='ocrx_word' id='word_1_188' title='bbox 585 2499 687 2586; x_wconf 87' lang='lat' dir='ltr'><strong>gratis</strong></span> <span class='ocrx_word' id='word_1_189' title='bbox 715 2498 953 2562; x_wconf 88' lang='lat' dir='ltr'><strong>condemnasse.</strong></span> <span class='ocrx_word' id='word_1_190' title='bbox 1001 2495 1134 2572; x_wconf 89' lang='lat' dir='ltr'><strong>Verum,</strong></span> <span class='ocrx_word' id='word_1_191' title='bbox 1165 2496 1192 2560; x_wconf 85' lang='lat' dir='ltr'><strong>ei</strong></span> <span class='ocrx_word' id='word_1_192' title='bbox 1221 2496 1374 2560; x_wconf 84' lang='lat' dir='ltr'><strong>innocens</strong></span> <span class='ocrx_word' id='word_1_193' title='bbox 1403 2493 1546 2568; x_wconf 82' lang='lat' dir='ltr'><strong>Falcula,</strong></span> 
     </span>
     <span class='ocr_line' id='line_1_22' title="bbox 344 2591 1549 2687; baseline -0.009 -22"><span class='ocrx_word' id='word_1_194' title='bbox 344 2622 470 2687; x_wconf 81' lang='lat' dir='ltr'><strong>quaero,</strong></span> <span class='ocrx_word' id='word_1_195' title='bbox 495 2598 565 2685; x_wconf 86' lang='lat' dir='ltr'><strong>quis</strong></span> <span class='ocrx_word' id='word_1_196' title='bbox 587 2597 630 2663; x_wconf 90' lang='lat' dir='ltr'><strong>sit</strong></span> <span class='ocrx_word' id='word_1_197' title='bbox 652 2597 789 2662; x_wconf 81' lang='lat' dir='ltr'><strong>nocensl</strong></span> <span class='ocrx_word' id='word_1_198' title='bbox 812 2595 839 2658; x_wconf 90' lang='lat' dir='ltr'><strong>si</strong></span> <span class='ocrx_word' id='word_1_199' title='bbox 862 2594 913 2658; x_wconf 90' lang='lat' dir='ltr'><strong>hic</strong></span> <span class='ocrx_word' id='word_1_200' title='bbox 930 2592 1037 2679; x_wconf 82' lang='lat' dir='ltr'><strong>&#39;gratis</strong></span> <span class='ocrx_word' id='word_1_201' title='bbox 1059 2594 1288 2673; x_wconf 83' lang='lat' dir='ltr'><strong>condemnavit,</strong></span> <span class='ocrx_word' id='word_1_202' title='bbox 1311 2593 1383 2679; x_wconf 91' lang='lat' dir='ltr'><strong>quis</strong></span> <span class='ocrx_word' id='word_1_203' title='bbox 1403 2591 1549 2677; x_wconf 75' lang='lat' dir='ltr'><strong>accepit!</strong></span> 
     </span>
     <span class='ocr_line' id='line_1_23' title="bbox 345 2690 1548 2783; baseline -0.012 -18"><span class='ocrx_word' id='word_1_204' title='bbox 345 2700 437 2783; x_wconf 84' lang='lat' dir='ltr'><strong>Nego</strong></span> <span class='ocrx_word' id='word_1_205' title='bbox 460 2720 527 2761; x_wconf 91' lang='lat' dir='ltr'><strong>rem</strong></span> <span class='ocrx_word' id='word_1_206' title='bbox 542 2718 612 2761; x_wconf 90' lang='lat' dir='ltr'><strong>esse</strong></span> <span class='ocrx_word' id='word_1_207' title='bbox 627 2696 723 2759; x_wconf 86' lang='lat' dir='ltr'><strong>ullam</strong></span> <span class='ocrx_word' id='word_1_208' title='bbox 745 2694 777 2757; x_wconf 94' lang='lat' dir='ltr'><strong>in</strong></span> <span class='ocrx_word' id='word_1_209' title='bbox 799 2714 989 2779; x_wconf 85' lang='lat' dir='ltr'><strong>quemquam</strong></span> <span class='ocrx_word' id='word_1_210' title='bbox 1003 2691 1127 2756; x_wconf 90' lang='lat' dir='ltr'><strong>illorum</strong></span> <span class='ocrx_word' id='word_1_211' title='bbox 1142 2693 1302 2776; x_wconf 88' lang='lat' dir='ltr'><strong>objectam</strong></span> <span class='ocrx_word' id='word_1_212' title='bbox 1323 2713 1403 2777; x_wconf 89' lang='lat' dir='ltr'><strong>quae</strong></span> <span class='ocrx_word' id='word_1_213' title='bbox 1420 2690 1548 2753; x_wconf 86' lang='lat' dir='ltr'><strong>Fidicu-</strong></span> 
     </span>
     <span class='ocr_line' id='line_1_24' title="bbox 344 2788 1549 2878; baseline -0.011 -16"><span class='ocrx_word' id='word_1_214' title='bbox 344 2797 428 2863; x_wconf 87' lang='lat' dir='ltr'><strong>lanio</strong></span> <span class='ocrx_word' id='word_1_215' title='bbox 443 2816 506 2859; x_wconf 92' lang='lat' dir='ltr'><strong>non</strong></span> <span class='ocrx_word' id='word_1_216' title='bbox 522 2795 649 2878; x_wconf 89' lang='lat' dir='ltr'><strong>objecta</strong></span> <span class='ocrx_word' id='word_1_217' title='bbox 664 2794 717 2869; x_wconf 89' lang='lat' dir='ltr'><strong>sit,</strong></span> <span class='ocrx_word' id='word_1_218' title='bbox 733 2792 852 2877; x_wconf 90' lang='lat' dir='ltr'><strong>aliquid</strong></span> <span class='ocrx_word' id='word_1_219' title='bbox 867 2790 965 2854; x_wconf 88' lang='lat' dir='ltr'><strong>fuisse</strong></span> <span class='ocrx_word' id='word_1_220' title='bbox 979 2790 1012 2853; x_wconf 94' lang='lat' dir='ltr'><strong>in</strong></span> <span class='ocrx_word' id='word_1_221' title='bbox 1036 2789 1064 2851; x_wconf 89' lang='lat' dir='ltr'>F</span> <span class='ocrx_word' id='word_1_222' title='bbox 1066 2790 1223 2854; x_wconf 90' lang='lat' dir='ltr'><strong>idiculanii</strong></span> <span class='ocrx_word' id='word_1_223' title='bbox 1238 2812 1352 2855; x_wconf 88' lang='lat' dir='ltr'><strong>caussa</strong></span> <span class='ocrx_word' id='word_1_224' title='bbox 1365 2789 1449 2875; x_wconf 90' lang='lat' dir='ltr'><strong>quod</strong></span> <span class='ocrx_word' id='word_1_225' title='bbox 1463 2788 1549 2851; x_wconf 88' lang='lat' dir='ltr'><strong>idem</strong></span> 
     </span>
     <span class='ocr_line' id='line_1_25' title="bbox 344 2886 1550 2973; baseline -0.007 -16"><span class='ocrx_word' id='word_1_226' title='bbox 344 2916 408 2958; x_wconf 92' lang='lat' dir='ltr'><strong>non</strong></span> <span class='ocrx_word' id='word_1_227' title='bbox 424 2898 511 2957; x_wconf 85' lang='lat' dir='ltr'><strong>esset</strong></span> <span class='ocrx_word' id='word_1_228' title='bbox 526 2891 558 2954; x_wconf 93' lang='lat' dir='ltr'><strong>in</strong></span> <span class='ocrx_word' id='word_1_229' title='bbox 574 2898 762 2955; x_wconf 90' lang='lat' dir='ltr'><strong>ceterorum.</strong></span> <span class='ocrx_word' id='word_1_230' title='bbox 807 2889 879 2953; x_wconf 92' lang='lat' dir='ltr'><strong>Aut</strong></span> <span class='ocrx_word' id='word_1_231' title='bbox 898 2888 959 2951; x_wconf 93' lang='lat' dir='ltr'><strong>hoc</strong></span> <span class='ocrx_word' id='word_1_232' title='bbox 977 2886 1131 2971; x_wconf 91' lang='lat' dir='ltr'><strong>judicium</strong></span> <span class='ocrx_word' id='word_1_233' title='bbox 1152 2888 1364 2973; x_wconf 87' lang='lat' dir='ltr'><strong>reprehendas</strong></span> <span class='ocrx_word' id='word_1_234' title='bbox 1385 2895 1432 2964; x_wconf 93' lang='lat' dir='ltr'><strong>tu,</strong></span> <span class='ocrx_word' id='word_1_235' title='bbox 1454 2886 1550 2969; x_wconf 87' lang='lat' dir='ltr'><strong>cujus</strong></span> 
     </span>
     <span class='ocr_line' id='line_1_26' title="bbox 345 2984 1550 3070; baseline -0.011 -13"><span class='ocrx_word' id='word_1_236' title='bbox 345 2990 506 3057; x_wconf 86' lang='lat' dir='ltr'><strong>accusatio</strong></span> <span class='ocrx_word' id='word_1_237' title='bbox 528 2989 624 3053; x_wconf 89' lang='lat' dir='ltr'><strong>rebus</strong></span> <span class='ocrx_word' id='word_1_238' title='bbox 646 2986 799 3070; x_wconf 87' lang='lat' dir='ltr'><strong>judicatis</strong></span> <span class='ocrx_word' id='word_1_239' title='bbox 821 2985 993 3061; x_wconf 87' lang='lat' dir='ltr'><strong>nitebatur,</strong></span> <span class='ocrx_word' id='word_1_240' title='bbox 1011 3006 1141 3049; x_wconf 88' lang='lat' dir='ltr'><strong>necesse</strong></span> <span class='ocrx_word' id='word_1_241' title='bbox 1154 2994 1214 3064; x_wconf 87' lang='lat' dir='ltr'><strong>est,</strong></span> <span class='ocrx_word' id='word_1_242' title='bbox 1230 2993 1297 3062; x_wconf 88' lang='lat' dir='ltr'><strong>aut,</strong></span> <span class='ocrx_word' id='word_1_243' title='bbox 1312 2985 1341 3048; x_wconf 84' lang='lat' dir='ltr'><strong>si</strong></span> <span class='ocrx_word' id='word_1_244' title='bbox 1362 2984 1423 3047; x_wconf 93' lang='lat' dir='ltr'><strong>hoc</strong></span> <span class='ocrx_word' id='word_1_245' title='bbox 1439 3004 1550 3047; x_wconf 82' lang='lat' dir='ltr'><strong>veruna</strong></span> 
     </span>
     <span class='ocr_line' id='line_1_27' title="bbox 346 3083 1426 3170; baseline -0.006 -17"><span class='ocrx_word' id='word_1_246' title='bbox 346 3110 418 3153; x_wconf 89' lang='lat' dir='ltr'><strong>esse</strong></span> <span class='ocrx_word' id='word_1_247' title='bbox 433 3086 591 3163; x_wconf 90' lang='lat' dir='ltr'><strong>concedis,</strong></span> <span class='ocrx_word' id='word_1_248' title='bbox 610 3084 817 3170; x_wconf 86' lang='lat' dir='ltr'><strong>Oppianicum</strong></span> <span class='ocrx_word' id='word_1_249' title='bbox 833 3083 935 3168; x_wconf 86' lang='lat' dir='ltr'><strong>gratis</strong></span> <span class='ocrx_word' id='word_1_250' title='bbox 950 3084 1196 3147; x_wconf 87' lang='lat' dir='ltr'><strong>condemnatum</strong></span> <span class='ocrx_word' id='word_1_251' title='bbox 1211 3106 1280 3148; x_wconf 88' lang='lat' dir='ltr'><strong>esse</strong></span> <span class='ocrx_word' id='word_1_252' title='bbox 1294 3085 1426 3148; x_wconf 84' lang='lat' dir='ltr'><strong>fateare.</strong></span> 
     </span>
    </p>
   </div>
   <div class='ocr_carea' id='block_1_3' title="bbox 381 3292 1550 3356">
    <p class='ocr_par' dir='ltr' id='par_1_3' title="bbox 381 3292 1550 3356">
     <span class='ocr_line' id='line_1_28' title="bbox 381 3292 1550 3356; baseline -0.005 -11"><span class='ocrx_word' id='word_1_253' title='bbox 381 3297 465 3345; x_wconf 84' lang='lat' dir='ltr'><strong>Cicero</strong></span> <span class='ocrx_word' id='word_1_254' title='bbox 476 3296 501 3342; x_wconf 93' lang='lat' dir='ltr'><strong>iu</strong></span> <span class='ocrx_word' id='word_1_255' title='bbox 512 3294 614 3342; x_wconf 79' lang='lat' dir='ltr'><strong>another</strong></span> <span class='ocrx_word' id='word_1_256' title='bbox 624 3292 691 3354; x_wconf 85' lang='lat' dir='ltr'><strong>place</strong></span> <span class='ocrx_word' id='word_1_257' title='bbox 702 3292 787 3354; x_wconf 81' lang='lat' dir='ltr'><strong>speaks</strong></span> <span class='ocrx_word' id='word_1_258' title='bbox 798 3292 826 3341; x_wconf 82' lang='lat' dir='ltr'><strong>of</strong></span> <span class='ocrx_word' id='word_1_259' title='bbox 834 3292 877 3341; x_wconf 89' lang='lat' dir='ltr'><strong>the</strong></span> <span class='ocrx_word' id='word_1_260' title='bbox 888 3293 933 3341; x_wconf 82' lang='lat' dir='ltr'><strong>dii·</strong></span> <span class='ocrx_word' id='word_1_261' title='bbox 965 3294 1045 3349; x_wconf 85' lang='lat' dir='ltr'><strong>nitica‚</strong></span> <span class='ocrx_word' id='word_1_262' title='bbox 1057 3294 1094 3342; x_wconf 83' lang='lat' dir='ltr'><strong>for</strong></span> <span class='ocrx_word' id='word_1_263' title='bbox 1104 3293 1173 3343; x_wconf 86' lang='lat' dir='ltr'><strong>there</strong></span> <span class='ocrx_word' id='word_1_264' title='bbox 1183 3308 1230 3342; x_wconf 78' lang='lat' dir='ltr'><strong>naa</strong></span> <span class='ocrx_word' id='word_1_265' title='bbox 1240 3295 1328 3356; x_wconf 75' lang='lat' dir='ltr'><strong>always</strong></span> <span class='ocrx_word' id='word_1_266' title='bbox 1338 3308 1386 3341; x_wconf 72' lang='lat' dir='ltr'><strong>aar</strong></span> <span class='ocrx_word' id='word_1_267' title='bbox 1396 3292 1550 3349; x_wconf 60' lang='lat' dir='ltr'><strong>amornec,</strong></span> 
     </span>
    </p>
   </div>
   <div class='ocr_carea' id='block_1_4' title="bbox 264 3356 1551 3421">
    <p class='ocr_par' dir='ltr' id='par_1_4' title="bbox 264 3356 1551 3421">
     <span class='ocr_line' id='line_1_29' title="bbox 264 3356 1551 3421; baseline -0.005 -12"><span class='ocrx_word' id='word_1_268' title='bbox 264 3369 267 3375; x_wconf 60' lang='lat'><strong><em>¹</em></strong></span> <span class='ocrx_word' id='word_1_269' title='bbox 349 3361 451 3409; x_wconf 83' lang='lat' dir='ltr'><strong>ficultiea</strong></span> <span class='ocrx_word' id='word_1_270' title='bbox 458 3360 485 3406; x_wconf 83' lang='lat' dir='ltr'><strong>oi</strong></span> <span class='ocrx_word' id='word_1_271' title='bbox 493 3358 535 3406; x_wconf 88' lang='lat' dir='ltr'><strong>tha</strong></span> <span class='ocrx_word' id='word_1_272' title='bbox 547 3362 553 3385; x_wconf 83' lang='lat'>¹</span> <span class='ocrx_word' id='word_1_273' title='bbox 563 3359 619 3405; x_wconf 81' lang='lat' dir='ltr'><strong>nori</strong></span> <span class='ocrx_word' id='word_1_274' title='bbox 627 3356 750 3404; x_wconf 86' lang='lat' dir='ltr'><strong>homiues’</strong></span> <span class='ocrx_word' id='word_1_275' title='bbox 762 3357 787 3405; x_wconf 93' lang='lat' dir='ltr'><strong>in</strong></span> <span class='ocrx_word' id='word_1_276' title='bbox 794 3358 876 3419; x_wconf 86' lang='lat' dir='ltr'><strong>rising,</strong></span> <span class='ocrx_word' id='word_1_277' title='bbox 886 3358 933 3406; x_wconf 88' lang='lat' dir='ltr'><strong>and</strong></span> <span class='ocrx_word' id='word_1_278' title='bbox 966 3359 1013 3407; x_wconf 88' lang='lat' dir='ltr'><strong>and</strong></span> <span class='ocrx_word' id='word_1_279' title='bbox 1024 3360 1093 3407; x_wconf 83' lang='lat' dir='ltr'><strong>there</strong></span> <span class='ocrx_word' id='word_1_280' title='bbox 1104 3373 1151 3407; x_wconf 77' lang='lat' dir='ltr'><strong>was</strong></span> <span class='ocrx_word' id='word_1_281' title='bbox 1162 3360 1249 3421; x_wconf 80' lang='lat' dir='ltr'><strong>always</strong></span> <span class='ocrx_word' id='word_1_282' title='bbox 1259 3360 1302 3406; x_wconf 86' lang='lat' dir='ltr'><strong>tha</strong></span> <span class='ocrx_word' id='word_1_283' title='bbox 1318 3358 1421 3421; x_wconf 90' lang='lat' dir='ltr'><strong>popular</strong></span> <span class='ocrx_word' id='word_1_284' title='bbox 1430 3356 1551 3419; x_wconf 86' lang='lat' dir='ltr'><strong>aaaambly</strong></span> 
     </span>
    </p>
   </div>
   <div class='ocr_carea' id='block_1_5' title="bbox 349 3420 1556 4193">
    <p class='ocr_par' dir='ltr' id='par_1_5' title="bbox 349 3420 1552 3667">
     <span class='ocr_line' id='line_1_30' title="bbox 349 3420 1551 3483; baseline -0.002 -11"><span class='ocrx_word' id='word_1_285' title='bbox 349 3425 391 3473; x_wconf 86' lang='lat' dir='ltr'><strong>tba</strong></span> <span class='ocrx_word' id='word_1_286' title='bbox 402 3426 526 3483; x_wconf 85' lang='lat' dir='ltr'><strong>contempt</strong></span> <span class='ocrx_word' id='word_1_287' title='bbox 535 3422 589 3469; x_wconf 88' lang='lat' dir='ltr'><strong>that</strong></span> <span class='ocrx_word' id='word_1_288' title='bbox 595 3422 637 3469; x_wconf 85' lang='lat' dir='ltr'><strong>the</strong></span> <span class='ocrx_word' id='word_1_289' title='bbox 645 3422 685 3469; x_wconf 88' lang='lat' dir='ltr'><strong>old</strong></span> <span class='ocrx_word' id='word_1_290' title='bbox 698 3420 819 3470; x_wconf 80' lang='lat' dir='ltr'><strong>‘nobiles&#39;</strong></span> <span class='ocrx_word' id='word_1_291' title='bbox 837 3422 935 3470; x_wconf 81' lang='lat' dir='ltr'><strong>ahowed</strong></span> <span class='ocrx_word' id='word_1_292' title='bbox 966 3430 992 3471; x_wconf 86' lang='lat' dir='ltr'><strong>to</strong></span> <span class='ocrx_word' id='word_1_293' title='bbox 1002 3424 1108 3483; x_wconf 63' lang='lat' dir='ltr'><strong>addresa</strong></span> <span class='ocrx_word' id='word_1_294' title='bbox 1120 3425 1167 3472; x_wconf 91' lang='lat' dir='ltr'><strong>and</strong></span> <span class='ocrx_word' id='word_1_295' title='bbox 1177 3424 1219 3471; x_wconf 89' lang='lat' dir='ltr'><strong>the</strong></span> <span class='ocrx_word' id='word_1_296' title='bbox 1230 3429 1318 3471; x_wconf 81' lang='lat' dir='ltr'><strong>courta</strong></span> <span class='ocrx_word' id='word_1_297' title='bbox 1350 3422 1449 3471; x_wconf 83' lang='lat' dir='ltr'><strong>Yettba</strong></span> <span class='ocrx_word' id='word_1_298' title='bbox 1459 3422 1551 3483; x_wconf 82' lang='lat' dir='ltr'><strong>history</strong></span> 
     </span>
     <span class='ocr_line' id='line_1_31' title="bbox 350 3484 1552 3551; baseline -0.003 -14"><span class='ocrx_word' id='word_1_299' title='bbox 350 3488 453 3537; x_wconf 80' lang='lat' dir='ltr'><strong>towards</strong></span> <span class='ocrx_word' id='word_1_300' title='bbox 463 3488 530 3535; x_wconf 85' lang='lat' dir='ltr'><strong>them</strong></span> <span class='ocrx_word' id='word_1_301' title='bbox 541 3484 609 3545; x_wconf 91' lang='lat' dir='ltr'><strong>(Vol.</strong></span> <span class='ocrx_word' id='word_1_302' title='bbox 622 3486 643 3533; x_wconf 92' lang='grc' dir='ltr'><strong>Ι.</strong></span> <span class='ocrx_word' id='word_1_303' title='bbox 656 3486 724 3533; x_wconf 86' lang='lat' dir='ltr'><strong>Verr.</strong></span> <span class='ocrx_word' id='word_1_304' title='bbox 736 3486 760 3533; x_wconf 90' lang='lat' dir='ltr'><strong>ii.</strong></span> <span class='ocrx_word' id='word_1_305' title='bbox 773 3488 796 3535; x_wconf 80' lang='lat'><strong>8.</strong></span> <span class='ocrx_word' id='word_1_306' title='bbox 808 3502 829 3533; x_wconf 94' lang='lat' dir='ltr'><strong>c.</strong></span> <span class='ocrx_word' id='word_1_307' title='bbox 842 3490 871 3544; x_wconf 71' lang='lat'><strong>⁴3</strong></span> <span class='ocrx_word' id='word_1_308' title='bbox 888 3487 936 3535; x_wconf 91' lang='lat' dir='ltr'><strong>and</strong></span> <span class='ocrx_word' id='word_1_309' title='bbox 968 3488 996 3535; x_wconf 84' lang='lat' dir='ltr'><strong>oi</strong></span> <span class='ocrx_word' id='word_1_310' title='bbox 1006 3488 1084 3537; x_wconf 83' lang='lat' dir='ltr'><strong>Rome</strong></span> <span class='ocrx_word' id='word_1_311' title='bbox 1094 3504 1179 3551; x_wconf 85' lang='lat' dir='ltr'><strong>proras</strong></span> <span class='ocrx_word' id='word_1_312' title='bbox 1193 3490 1247 3537; x_wconf 88' lang='lat' dir='ltr'><strong>that</strong></span> <span class='ocrx_word' id='word_1_313' title='bbox 1261 3489 1303 3535; x_wconf 88' lang='lat' dir='ltr'><strong>tha</strong></span> <span class='ocrx_word' id='word_1_314' title='bbox 1313 3488 1371 3550; x_wconf 83' lang='lat' dir='ltr'><strong>high</strong></span> <span class='ocrx_word' id='word_1_315' title='bbox 1380 3487 1458 3549; x_wconf 81' lang='lat' dir='ltr'><strong>plasea</strong></span> <span class='ocrx_word' id='word_1_316' title='bbox 1467 3488 1493 3533; x_wconf 90' lang='lat' dir='ltr'><strong>iu</strong></span> <span class='ocrx_word' id='word_1_317' title='bbox 1506 3486 1552 3533; x_wconf 78' lang='lat' dir='ltr'><strong>tte</strong></span> 
     </span>
     <span class='ocr_line' id='line_1_32' title="bbox 351 3548 1551 3615; baseline -0.002 -15"><span class='ocrx_word' id='word_1_318' title='bbox 351 3556 375 3601; x_wconf 82' lang='lat'><strong>5.</strong></span> <span class='ocrx_word' id='word_1_319' title='bbox 395 3566 416 3599; x_wconf 92' lang='lat' dir='ltr'><strong>c.</strong></span> <span class='ocrx_word' id='word_1_320' title='bbox 437 3549 488 3614; x_wconf 81' lang='grc'>70).</span> <span class='ocrx_word' id='word_1_321' title='bbox 524 3550 563 3597; x_wconf 88' lang='lat' dir='ltr'><strong>Ha</strong></span> <span class='ocrx_word' id='word_1_322' title='bbox 581 3549 628 3597; x_wconf 88' lang='lat' dir='ltr'><strong>had</strong></span> <span class='ocrx_word' id='word_1_323' title='bbox 650 3550 701 3597; x_wconf 86' lang='lat' dir='ltr'><strong>said</strong></span> <span class='ocrx_word' id='word_1_324' title='bbox 719 3548 747 3597; x_wconf 84' lang='lat' dir='ltr'><strong>oi</strong></span> <span class='ocrx_word' id='word_1_325' title='bbox 763 3550 862 3599; x_wconf 79' lang='lat' dir='ltr'><strong>himself</strong></span> <span class='ocrx_word' id='word_1_326' title='bbox 866 3569 872 3597; x_wconf 74' lang='grc' dir='ltr'><strong>ε</strong></span> <span class='ocrx_word' id='word_1_327' title='bbox 897 3552 935 3599; x_wconf 85' lang='lat' dir='ltr'><strong>“I</strong></span> <span class='ocrx_word' id='word_1_328' title='bbox 968 3557 1031 3601; x_wconf 82' lang='lat' dir='ltr'><strong>atate</strong></span> <span class='ocrx_word' id='word_1_329' title='bbox 1041 3568 1104 3601; x_wconf 76' lang='lat' dir='ltr'><strong>were</strong></span> <span class='ocrx_word' id='word_1_330' title='bbox 1114 3554 1234 3615; x_wconf 80' lang='lat' dir='ltr'><strong>generaby</strong></span> <span class='ocrx_word' id='word_1_331' title='bbox 1250 3553 1307 3601; x_wconf 83' lang='lat' dir='ltr'><strong>bald</strong></span> <span class='ocrx_word' id='word_1_332' title='bbox 1324 3552 1357 3615; x_wconf 87' lang='lat' dir='ltr'><strong>by</strong></span> <span class='ocrx_word' id='word_1_333' title='bbox 1367 3552 1410 3599; x_wconf 81' lang='lat' dir='ltr'><strong>the</strong></span> <span class='ocrx_word' id='word_1_334' title='bbox 1424 3551 1466 3599; x_wconf 89' lang='lat' dir='ltr'><strong>old</strong></span> <span class='ocrx_word' id='word_1_335' title='bbox 1481 3550 1551 3598; x_wconf 78' lang='lat' dir='ltr'><strong>iami-</strong></span> 
     </span>
     <span class='ocr_line' id='line_1_33' title="bbox 352 3614 1019 3667; baseline -0.001 -1"><span class='ocrx_word' id='word_1_336' title='bbox 352 3623 440 3667; x_wconf 85' lang='lat' dir='ltr'><strong>cannot</strong></span> <span class='ocrx_word' id='word_1_337' title='bbox 451 3616 482 3663; x_wconf 91' lang='lat' dir='ltr'><strong>do</strong></span> <span class='ocrx_word' id='word_1_338' title='bbox 493 3614 557 3662; x_wconf 82' lang='lat' dir='ltr'><strong>what</strong></span> <span class='ocrx_word' id='word_1_339' title='bbox 572 3614 642 3662; x_wconf 86' lang='lat' dir='ltr'><strong>those</strong></span> <span class='ocrx_word' id='word_1_340' title='bbox 653 3629 697 3661; x_wconf 90' lang='lat' dir='ltr'><strong>cau</strong></span> <span class='ocrx_word' id='word_1_341' title='bbox 708 3614 762 3663; x_wconf 78' lang='lat' dir='ltr'><strong>who</strong></span> <span class='ocrx_word' id='word_1_342' title='bbox 778 3630 820 3662; x_wconf 86' lang='lat' dir='ltr'><strong>are</strong></span> <span class='ocrx_word' id='word_1_343' title='bbox 833 3616 895 3663; x_wconf 90' lang='lat' dir='ltr'><strong>born</strong></span> <span class='ocrx_word' id='word_1_344' title='bbox 911 3616 939 3664; x_wconf 79' lang='lat' dir='ltr'><strong>oi</strong></span> <span class='ocrx_word' id='word_1_345' title='bbox 968 3617 1019 3665; x_wconf 87' lang='lat' dir='ltr'><strong>lica.</strong></span> 
     </span>
    </p>

    <p class='ocr_par' dir='ltr' id='par_1_6' title="bbox 352 3678 1556 4193">
     <span class='ocr_line' id='line_1_34' title="bbox 352 3678 1552 3765; baseline -0.001 -36"><span class='ocrx_word' id='word_1_346' title='bbox 352 3681 425 3729; x_wconf 85' lang='lat' dir='ltr'><strong>noble</strong></span> <span class='ocrx_word' id='word_1_347' title='bbox 436 3696 497 3737; x_wconf 84' lang='lat' dir='ltr'><strong>racc,</strong></span> <span class='ocrx_word' id='word_1_348' title='bbox 509 3694 541 3727; x_wconf 90' lang='lat' dir='ltr'><strong>on</strong></span> <span class='ocrx_word' id='word_1_349' title='bbox 552 3680 630 3727; x_wconf 79' lang='lat' dir='ltr'><strong>whom</strong></span> <span class='ocrx_word' id='word_1_350' title='bbox 648 3678 718 3726; x_wconf 83' lang='lat' dir='ltr'><strong>while</strong></span> <span class='ocrx_word' id='word_1_351' title='bbox 736 3679 793 3741; x_wconf 85' lang='lat' dir='ltr'><strong>they</strong></span> <span class='ocrx_word' id='word_1_352' title='bbox 804 3695 844 3728; x_wconf 87' lang='lat' dir='ltr'><strong>are</strong></span> <span class='ocrx_word' id='word_1_353' title='bbox 859 3680 936 3742; x_wconf 83' lang='lat' dir='ltr'><strong>aleep·</strong></span> <span class='ocrx_word' id='word_1_354' title='bbox 1000 3683 1041 3731; x_wconf 79' lang='lat'><strong>41.</strong></span> <span class='ocrx_word' id='word_1_355' title='bbox 1050 3683 1132 3743; x_wconf 70' lang='lat' dir='ltr'><strong>gratia</strong></span> <span class='ocrx_word' id='word_1_356' title='bbox 1133 3682 1278 3744; x_wconf 72' lang='lat' dir='ltr'><strong>judicasse]</strong></span> <span class='ocrx_word' id='word_1_357' title='bbox 1289 3678 1552 3765; x_wconf 68' lang='lat' dir='ltr'><strong>‘Thatbagotnotbing</strong></span> 
     </span>
     <span class='ocr_line' id='line_1_35' title="bbox 352 3744 1542 3808; baseline -0.001 -15"><span class='ocrx_word' id='word_1_358' title='bbox 352 3747 394 3808; x_wconf 92' lang='lat' dir='ltr'><strong>ing</strong></span> <span class='ocrx_word' id='word_1_359' title='bbox 404 3746 436 3793; x_wconf 89' lang='lat' dir='ltr'><strong>all</strong></span> <span class='ocrx_word' id='word_1_360' title='bbox 447 3746 489 3792; x_wconf 85' lang='lat' dir='ltr'><strong>tho</strong></span> <span class='ocrx_word' id='word_1_361' title='bbox 499 3744 605 3793; x_wconf 86' lang='lat' dir='ltr'><strong>honours</strong></span> <span class='ocrx_word' id='word_1_362' title='bbox 612 3744 640 3791; x_wconf 83' lang='lat' dir='ltr'><strong>oi</strong></span> <span class='ocrx_word' id='word_1_363' title='bbox 648 3744 690 3791; x_wconf 89' lang='lat' dir='ltr'><strong>the</strong></span> <span class='ocrx_word' id='word_1_364' title='bbox 698 3744 791 3791; x_wconf 83' lang='lat' dir='ltr'><strong>Roman</strong></span> <span class='ocrx_word' id='word_1_365' title='bbox 801 3745 886 3807; x_wconf 83' lang='lat' dir='ltr'><strong>pcopla</strong></span> <span class='ocrx_word' id='word_1_366' title='bbox 896 3760 937 3793; x_wconf 89' lang='lat' dir='ltr'><strong>are</strong></span> <span class='ocrx_word' id='word_1_367' title='bbox 968 3746 1006 3793; x_wconf 83' lang='lat' dir='ltr'><strong>ior</strong></span> <span class='ocrx_word' id='word_1_368' title='bbox 1012 3746 1109 3793; x_wconf 86' lang='lat' dir='ltr'><strong>hiavota</strong></span> <span class='ocrx_word' id='word_1_369' title='bbox 1116 3762 1148 3794; x_wconf 91' lang='lat' dir='ltr'><strong>on</strong></span> <span class='ocrx_word' id='word_1_370' title='bbox 1156 3747 1199 3795; x_wconf 83' lang='lat' dir='ltr'><strong>the</strong></span> <span class='ocrx_word' id='word_1_371' title='bbox 1204 3746 1317 3795; x_wconf 61' lang='lat' dir='ltr'><strong>niul-⁴</strong></span> <span class='ocrx_word' id='word_1_372' title='bbox 1324 3745 1359 3793; x_wconf 80' lang='lat' dir='ltr'><strong>At</strong></span> <span class='ocrx_word' id='word_1_373' title='bbox 1364 3746 1542 3798; x_wconf 81' lang='lat' dir='ltr'><strong>condemnarat,</strong></span> 
     </span>
     <span class='ocr_line' id='line_1_36' title="bbox 353 3808 1552 3873; baseline -0.003 -15"><span class='ocrx_word' id='word_1_374' title='bbox 353 3808 502 3859; x_wconf 84' lang='lat' dir='ltr'><strong>conierred.”</strong></span> <span class='ocrx_word' id='word_1_375' title='bbox 539 3810 603 3857; x_wconf 87' lang='lat' dir='ltr'><strong>Here</strong></span> <span class='ocrx_word' id='word_1_376' title='bbox 620 3809 651 3857; x_wconf 88' lang='lat' dir='ltr'><strong>be</strong></span> <span class='ocrx_word' id='word_1_377' title='bbox 662 3824 715 3870; x_wconf 84' lang='lat' dir='ltr'><strong>says</strong></span> <span class='ocrx_word' id='word_1_378' title='bbox 732 3810 868 3872; x_wconf 74' lang='lat' dir='ltr'><strong>something</strong></span> <span class='ocrx_word' id='word_1_379' title='bbox 878 3811 936 3868; x_wconf 81' lang='lat' dir='ltr'><strong>else,</strong></span> <span class='ocrx_word' id='word_1_380' title='bbox 969 3812 1031 3859; x_wconf 72' lang='lat' dir='ltr'><strong>dra:</strong></span> <span class='ocrx_word' id='word_1_381' title='bbox 1048 3811 1097 3858; x_wconf 82' lang='lat' dir='ltr'><strong>this</strong></span> <span class='ocrx_word' id='word_1_382' title='bbox 1108 3812 1129 3859; x_wconf 89' lang='lat' dir='ltr'><strong>ia</strong></span> <span class='ocrx_word' id='word_1_383' title='bbox 1139 3812 1181 3859; x_wconf 87' lang='lat' dir='ltr'><strong>the</strong></span> <span class='ocrx_word' id='word_1_384' title='bbox 1191 3810 1310 3873; x_wconf 81' lang='lat' dir='ltr'><strong>supposed</strong></span> <span class='ocrx_word' id='word_1_385' title='bbox 1321 3825 1414 3858; x_wconf 71' lang='lat' dir='ltr'><strong>auawcr</strong></span> <span class='ocrx_word' id='word_1_386' title='bbox 1423 3810 1451 3856; x_wconf 81' lang='lat' dir='ltr'><strong>oi</strong></span> <span class='ocrx_word' id='word_1_387' title='bbox 1461 3809 1552 3857; x_wconf 75' lang='lat' dir='ltr'><strong>Attius.</strong></span> 
     </span>
     <span class='ocr_line' id='line_1_37' title="bbox 353 3874 1552 3937; baseline -0.003 -14"><span class='ocrx_word' id='word_1_388' title='bbox 353 3876 424 3923; x_wconf 81' lang='lat' dir='ltr'><strong>when</strong></span> <span class='ocrx_word' id='word_1_389' title='bbox 438 3876 459 3922; x_wconf 90' lang='lat' dir='ltr'><strong>it</strong></span> <span class='ocrx_word' id='word_1_390' title='bbox 475 3874 535 3922; x_wconf 83' lang='lat' dir='ltr'><strong>suits</strong></span> <span class='ocrx_word' id='word_1_391' title='bbox 550 3874 588 3921; x_wconf 90' lang='lat' dir='ltr'><strong>his</strong></span> <span class='ocrx_word' id='word_1_392' title='bbox 609 3888 720 3935; x_wconf 84' lang='lat' dir='ltr'><strong>purpose·</strong></span> <span class='ocrx_word' id='word_1_393' title='bbox 752 3874 793 3923; x_wconf 86' lang='lat' dir='ltr'><strong>lie</strong></span> <span class='ocrx_word' id='word_1_394' title='bbox 814 3890 862 3922; x_wconf 82' lang='lat' dir='ltr'><strong>was</strong></span> <span class='ocrx_word' id='word_1_395' title='bbox 883 3890 937 3923; x_wconf 78' lang='lat' dir='ltr'><strong>noar</strong></span> <span class='ocrx_word' id='word_1_396' title='bbox 969 3874 1122 3923; x_wconf 85' lang='lat' dir='ltr'><strong>Cicerothen</strong></span> <span class='ocrx_word' id='word_1_397' title='bbox 1132 3891 1194 3937; x_wconf 87' lang='lat' dir='ltr'><strong>aays,</strong></span> <span class='ocrx_word' id='word_1_398' title='bbox 1212 3876 1274 3924; x_wconf 86' lang='lat' dir='ltr'><strong>‘iila</strong></span> <span class='ocrx_word' id='word_1_399' title='bbox 1291 3876 1364 3936; x_wconf 82' lang='lat' dir='ltr'><strong>igitur</strong></span> <span class='ocrx_word' id='word_1_400' title='bbox 1379 3874 1476 3928; x_wconf 84' lang='lat' dir='ltr'><strong>omnia,’</strong></span> <span class='ocrx_word' id='word_1_401' title='bbox 1492 3876 1552 3920; x_wconf 69' lang='lat' dir='ltr'><strong>&amp;aa</strong></span> 
     </span>
     <span class='ocr_line' id='line_1_38' title="bbox 354 3936 1555 4001; baseline -0.003 -12"><span class='ocrx_word' id='word_1_402' title='bbox 354 3940 468 3997; x_wconf 74' lang='lat' dir='ltr'><strong>Praetor3</strong></span> <span class='ocrx_word' id='word_1_403' title='bbox 485 3939 516 3986; x_wconf 93' lang='lat' dir='ltr'><strong>be</strong></span> <span class='ocrx_word' id='word_1_404' title='bbox 535 3953 582 3985; x_wconf 78' lang='lat' dir='ltr'><strong>aaa</strong></span> <span class='ocrx_word' id='word_1_405' title='bbox 600 3938 731 4001; x_wconf 79' lang='lat' dir='ltr'><strong>beginning</strong></span> <span class='ocrx_word' id='word_1_406' title='bbox 749 3944 775 3987; x_wconf 92' lang='lat' dir='ltr'><strong>to</strong></span> <span class='ocrx_word' id='word_1_407' title='bbox 794 3939 855 3987; x_wconf 87' lang='lat' dir='ltr'><strong>bare</strong></span> <span class='ocrx_word' id='word_1_408' title='bbox 872 3954 938 3987; x_wconf 86' lang='lat' dir='ltr'><strong>more</strong></span> <span class='ocrx_word' id='word_1_409' title='bbox 969 3940 1018 3987; x_wconf 90' lang='lat' dir='ltr'><strong>aud</strong></span> <span class='ocrx_word' id='word_1_410' title='bbox 1028 3940 1218 4001; x_wconf 74' lang='lat' dir='ltr'><strong>Attiusrepliaaz</strong></span> <span class='ocrx_word' id='word_1_411' title='bbox 1231 3938 1325 3997; x_wconf 60' lang='lat' dir='ltr'><strong>‘Esto&#39;</strong></span> <span class='ocrx_word' id='word_1_412' title='bbox 1336 3939 1442 3995; x_wconf 75' lang='lat' dir='ltr'><strong>bcitao3</strong></span> <span class='ocrx_word' id='word_1_413' title='bbox 1458 3936 1555 3985; x_wconf 76' lang='lat' dir='ltr'><strong>Falcula</strong></span> 
     </span>
     <span class='ocr_line' id='line_1_39' title="bbox 354 4002 1555 4067; baseline -0.002 -16"><span class='ocrx_word' id='word_1_414' title='bbox 354 4002 890 4067; x_wconf 63' lang='lat' dir='ltr'><strong>sympathywiththe‘menciuobleracei&#39;</strong></span> <span class='ocrx_word' id='word_1_415' title='bbox 902 4004 939 4051; x_wconf 79' lang='lat' dir='ltr'><strong>ior</strong></span> <span class='ocrx_word' id='word_1_416' title='bbox 971 4004 1168 4066; x_wconf 86' lang='lat' dir='ltr'><strong>mayharabecn</strong></span> <span class='ocrx_word' id='word_1_417' title='bbox 1179 4005 1299 4052; x_wconf 79' lang='lat' dir='ltr'><strong>innocent</strong></span> <span class='ocrx_word' id='word_1_418' title='bbox 1332 4002 1555 4065; x_wconf 78' lang='lat' dir='ltr'><strong>Thiagircacicero</strong></span> 
     </span>
     <span class='ocr_line' id='line_1_40' title="bbox 355 4066 1556 4131; baseline -0.003 -14"><span class='ocrx_word' id='word_1_419' title='bbox 355 4068 447 4130; x_wconf 84' lang='lat' dir='ltr'><strong>though</strong></span> <span class='ocrx_word' id='word_1_420' title='bbox 459 4068 490 4116; x_wconf 90' lang='lat' dir='ltr'><strong>he</strong></span> <span class='ocrx_word' id='word_1_421' title='bbox 500 4068 569 4115; x_wconf 89' lang='lat' dir='ltr'><strong>could</strong></span> <span class='ocrx_word' id='word_1_422' title='bbox 576 4083 648 4115; x_wconf 86' lang='lat' dir='ltr'><strong>never</strong></span> <span class='ocrx_word' id='word_1_423' title='bbox 659 4068 689 4115; x_wconf 88' lang='lat' dir='ltr'><strong>be</strong></span> <span class='ocrx_word' id='word_1_424' title='bbox 697 4068 724 4116; x_wconf 85' lang='lat' dir='ltr'><strong>oi</strong></span> <span class='ocrx_word' id='word_1_425' title='bbox 732 4068 805 4115; x_wconf 90' lang='lat' dir='ltr'><strong>noble</strong></span> <span class='ocrx_word' id='word_1_426' title='bbox 813 4082 867 4115; x_wconf 87' lang='lat' dir='ltr'><strong>racc</strong></span> <span class='ocrx_word' id='word_1_427' title='bbox 875 4068 939 4115; x_wconf 88' lang='lat' dir='ltr'><strong>hirn-</strong></span> <span class='ocrx_word' id='word_1_428' title='bbox 970 4068 1013 4115; x_wconf 88' lang='lat' dir='ltr'><strong>tha</strong></span> <span class='ocrx_word' id='word_1_429' title='bbox 1024 4070 1179 4131; x_wconf 82' lang='lat' dir='ltr'><strong>opportunity</strong></span> <span class='ocrx_word' id='word_1_430' title='bbox 1187 4070 1216 4117; x_wconf 84' lang='lat' dir='ltr'><strong>oi</strong></span> <span class='ocrx_word' id='word_1_431' title='bbox 1223 4068 1380 4129; x_wconf 73' lang='lat' dir='ltr'><strong>concluding:</strong></span> <span class='ocrx_word' id='word_1_432' title='bbox 1397 4074 1413 4095; x_wconf 81' lang='lat'><strong>‘⁴</strong></span> <span class='ocrx_word' id='word_1_433' title='bbox 1420 4066 1485 4114; x_wconf 84' lang='lat' dir='ltr'><strong>Well</strong></span> <span class='ocrx_word' id='word_1_434' title='bbox 1495 4067 1556 4114; x_wconf 80' lang='lat' dir='ltr'><strong>then</strong></span> 
     </span>
     <span class='ocr_line' id='line_1_41' title="bbox 354 4131 1556 4193; baseline -0.001 -12"><span class='ocrx_word' id='word_1_435' title='bbox 354 4132 407 4189; x_wconf 83' lang='lat' dir='ltr'><strong>aeli,</strong></span> <span class='ocrx_word' id='word_1_436' title='bbox 423 4134 460 4180; x_wconf 86' lang='lat' dir='ltr'><strong>hia</strong></span> <span class='ocrx_word' id='word_1_437' title='bbox 476 4148 520 4181; x_wconf 88' lang='lat' dir='ltr'><strong>son</strong></span> <span class='ocrx_word' id='word_1_438' title='bbox 537 4132 615 4180; x_wconf 85' lang='lat' dir='ltr'><strong>could.</strong></span> <span class='ocrx_word' id='word_1_439' title='bbox 647 4132 727 4181; x_wconf 87' lang='lat' dir='ltr'><strong>There</strong></span> <span class='ocrx_word' id='word_1_440' title='bbox 744 4148 807 4180; x_wconf 78' lang='lat' dir='ltr'><strong>were</strong></span> <span class='ocrx_word' id='word_1_441' title='bbox 822 4148 849 4180; x_wconf 87' lang='lat' dir='ltr'><strong>aa</strong></span> <span class='ocrx_word' id='word_1_442' title='bbox 866 4148 939 4193; x_wconf 89' lang='lat' dir='ltr'><strong>many</strong></span> <span class='ocrx_word' id='word_1_443' title='bbox 971 4133 1040 4181; x_wconf 87' lang='lat' dir='ltr'><strong>there</strong></span> <span class='ocrx_word' id='word_1_444' title='bbox 1056 4148 1104 4181; x_wconf 79' lang='lat' dir='ltr'><strong>aras</strong></span> <span class='ocrx_word' id='word_1_445' title='bbox 1122 4148 1189 4181; x_wconf 84' lang='lat' dir='ltr'><strong>soma</strong></span> <span class='ocrx_word' id='word_1_446' title='bbox 1210 4148 1257 4181; x_wconf 82' lang='lat' dir='ltr'><strong>one</strong></span> <span class='ocrx_word' id='word_1_447' title='bbox 1278 4134 1333 4180; x_wconf 75' lang='lat' dir='ltr'><strong>abo</strong></span> <span class='ocrx_word' id='word_1_448' title='bbox 1354 4148 1413 4193; x_wconf 84' lang='lat' dir='ltr'><strong>gara</strong></span> <span class='ocrx_word' id='word_1_449' title='bbox 1433 4146 1449 4178; x_wconf 94' lang='lat' dir='ltr'><strong>a</strong></span> <span class='ocrx_word' id='word_1_450' title='bbox 1464 4131 1556 4180; x_wconf 68' lang='lat' dir='ltr'><strong>venia</strong></span> 
     </span>
    </p>
   </div>
   <div class='ocr_carea' id='block_1_6' title="bbox 245 4196 1462 4260">
    <p class='ocr_par' dir='ltr' id='par_1_7' title="bbox 245 4196 1462 4260">
     <span class='ocr_line' id='line_1_42' title="bbox 245 4196 1462 4260; baseline -0.002 -15"><span class='ocrx_word' id='word_1_451' title='bbox 245 4222 250 4229; x_wconf 92' lang='lat'>·</span> <span class='ocrx_word' id='word_1_452' title='bbox 356 4198 531 4259; x_wconf 86' lang='lat' dir='ltr'><strong>opportunities</strong></span> <span class='ocrx_word' id='word_1_453' title='bbox 543 4198 604 4244; x_wconf 79' lang='lat' dir='ltr'><strong>scra</strong></span> <span class='ocrx_word' id='word_1_454' title='bbox 620 4212 676 4244; x_wconf 86' lang='lat' dir='ltr'><strong>mnu</strong></span> <span class='ocrx_word' id='word_1_455' title='bbox 687 4197 762 4258; x_wconf 81' lang='lat' dir='ltr'><strong>rising</strong></span> <span class='ocrx_word' id='word_1_456' title='bbox 778 4202 803 4245; x_wconf 90' lang='lat' dir='ltr'><strong>tc</strong></span> <span class='ocrx_word' id='word_1_457' title='bbox 814 4197 873 4258; x_wconf 90' lang='lat' dir='ltr'><strong>high</strong></span> <span class='ocrx_word' id='word_1_458' title='bbox 889 4203 938 4245; x_wconf 85' lang='lat' dir='ltr'><strong>sta-</strong></span> <span class='ocrx_word' id='word_1_459' title='bbox 971 4198 1064 4259; x_wconf 85' lang='lat' dir='ltr'><strong>against</strong></span> <span class='ocrx_word' id='word_1_460' title='bbox 1074 4198 1221 4260; x_wconf 83' lang='lat' dir='ltr'><strong>Oppianicus</strong></span> <span class='ocrx_word' id='word_1_461' title='bbox 1231 4198 1358 4245; x_wconf 80' lang='lat' dir='ltr'><strong>withouta</strong></span> <span class='ocrx_word' id='word_1_462' title='bbox 1368 4196 1462 4244; x_wconf 86' lang='lat' dir='ltr'><strong>briba.”</strong></span> 
     </span>
    </p>
   </div>
   <div class='ocr_carea' id='block_1_7' title="bbox 279 4259 1560 4519">
    <p class='ocr_par' dir='ltr' id='par_1_8' title="bbox 279 4259 1560 4519">
     <span class='ocr_line' id='line_1_43' title="bbox 355 4259 1556 4324; baseline -0.002 -15"><span class='ocrx_word' id='word_1_463' title='bbox 355 4262 407 4309; x_wconf 90' lang='lat' dir='ltr'><strong>tion</strong></span> <span class='ocrx_word' id='word_1_464' title='bbox 427 4262 452 4308; x_wconf 91' lang='lat' dir='ltr'><strong>in</strong></span> <span class='ocrx_word' id='word_1_465' title='bbox 473 4262 557 4317; x_wconf 85' lang='lat' dir='ltr'><strong>Rome,</strong></span> <span class='ocrx_word' id='word_1_466' title='bbox 581 4276 607 4308; x_wconf 86' lang='lat' dir='ltr'><strong>aa</strong></span> <span class='ocrx_word' id='word_1_467' title='bbox 626 4261 652 4307; x_wconf 89' lang='lat' dir='ltr'><strong>iu</strong></span> <span class='ocrx_word' id='word_1_468' title='bbox 673 4276 720 4323; x_wconf 89' lang='lat' dir='ltr'><strong>any</strong></span> <span class='ocrx_word' id='word_1_469' title='bbox 742 4262 812 4309; x_wconf 91' lang='lat' dir='ltr'><strong>other</strong></span> <span class='ocrx_word' id='word_1_470' title='bbox 831 4266 940 4322; x_wconf 80' lang='lat' dir='ltr'><strong>muntry,</strong></span> <span class='ocrx_word' id='word_1_471' title='bbox 1005 4262 1151 4324; x_wconf 59' lang='lat' dir='ltr'><strong>satietatem]</strong></span> <span class='ocrx_word' id='word_1_472' title='bbox 1176 4264 1230 4311; x_wconf 84' lang='lat' dir='ltr'><strong>The</strong></span> <span class='ocrx_word' id='word_1_473' title='bbox 1245 4262 1345 4323; x_wconf 81' lang='lat' dir='ltr'><strong>reading</strong></span> <span class='ocrx_word' id='word_1_474' title='bbox 1360 4260 1389 4309; x_wconf 83' lang='lat' dir='ltr'><strong>oi</strong></span> <span class='ocrx_word' id='word_1_475' title='bbox 1407 4262 1432 4308; x_wconf 81' lang='lat' dir='ltr'><strong>S.</strong></span> <span class='ocrx_word' id='word_1_476' title='bbox 1454 4260 1484 4307; x_wconf 83' lang='lat' dir='ltr'><strong>T.</strong></span> <span class='ocrx_word' id='word_1_477' title='bbox 1505 4259 1556 4307; x_wconf 89' lang='lat' dir='ltr'><strong>and</strong></span> 
     </span>
     <span class='ocr_line' id='line_1_44' title="bbox 279 4324 1557 4387; baseline -0.002 -14"><span class='ocrx_word' id='word_1_478' title='bbox 279 4374 283 4381; x_wconf 85' lang='grc'><em>,</em></span> <span class='ocrx_word' id='word_1_479' title='bbox 356 4326 451 4373; x_wconf 88' lang='lat' dir='ltr'><strong>ancient</strong></span> <span class='ocrx_word' id='word_1_480' title='bbox 461 4340 488 4373; x_wconf 89' lang='lat' dir='ltr'><strong>or</strong></span> <span class='ocrx_word' id='word_1_481' title='bbox 500 4326 606 4373; x_wconf 88' lang='lat' dir='ltr'><strong>modern.</strong></span> <span class='ocrx_word' id='word_1_482' title='bbox 639 4324 941 4387; x_wconf 77' lang='lat' dir='ltr'><strong>&#39;Ihetwoartabywhich</strong></span> <span class='ocrx_word' id='word_1_483' title='bbox 974 4326 1115 4385; x_wconf 84' lang='lat' dir='ltr'><strong>Lambinus,</strong></span> <span class='ocrx_word' id='word_1_484' title='bbox 1126 4328 1181 4375; x_wconf 81' lang='lat' dir='ltr'><strong>arbo</strong></span> <span class='ocrx_word' id='word_1_485' title='bbox 1197 4326 1337 4375; x_wconf 80' lang='lat' dir='ltr'><strong>isiollowed</strong></span> <span class='ocrx_word' id='word_1_486' title='bbox 1353 4324 1557 4387; x_wconf 84' lang='lat' dir='ltr'><strong>byClaaaanaud</strong></span> 
     </span>
     <span class='ocr_line' id='line_1_45' title="bbox 356 4388 1557 4454; baseline -0.001 -18"><span class='ocrx_word' id='word_1_487' title='bbox 356 4404 438 4437; x_wconf 86' lang='lat' dir='ltr'><strong>aman</strong></span> <span class='ocrx_word' id='word_1_488' title='bbox 450 4390 527 4451; x_wconf 85' lang='lat' dir='ltr'><strong>might</strong></span> <span class='ocrx_word' id='word_1_489' title='bbox 537 4391 584 4437; x_wconf 86' lang='lat' dir='ltr'><strong>riae</strong></span> <span class='ocrx_word' id='word_1_490' title='bbox 600 4404 662 4437; x_wconf 75' lang='lat' dir='ltr'><strong>aare</strong></span> <span class='ocrx_word' id='word_1_491' title='bbox 681 4390 784 4451; x_wconf 84' lang='lat' dir='ltr'><strong>military</strong></span> <span class='ocrx_word' id='word_1_492' title='bbox 800 4390 877 4438; x_wconf 63' lang='lat' dir='ltr'><strong>alent</strong></span> <span class='ocrx_word' id='word_1_493' title='bbox 893 4390 941 4437; x_wconf 89' lang='lat' dir='ltr'><strong>aud</strong></span> <span class='ocrx_word' id='word_1_494' title='bbox 974 4390 1065 4439; x_wconf 85' lang='lat' dir='ltr'><strong>Baiter.</strong></span> <span class='ocrx_word' id='word_1_495' title='bbox 1083 4392 1181 4440; x_wconf 80' lang='lat' dir='ltr'><strong>Classen</strong></span> <span class='ocrx_word' id='word_1_496' title='bbox 1198 4407 1253 4454; x_wconf 83' lang='lat' dir='ltr'><strong>says</strong></span> <span class='ocrx_word' id='word_1_497' title='bbox 1269 4391 1298 4438; x_wconf 85' lang='lat' dir='ltr'><strong>oi</strong></span> <span class='ocrx_word' id='word_1_498' title='bbox 1313 4390 1462 4438; x_wconf 74' lang='lat' dir='ltr'><strong>lambinnaz</strong></span> <span class='ocrx_word' id='word_1_499' title='bbox 1473 4389 1526 4435; x_wconf 81' lang='lat' dir='ltr'><strong>“h.</strong></span> <span class='ocrx_word' id='word_1_500' title='bbox 1537 4388 1557 4436; x_wconf 89' lang='lat' dir='ltr'><strong>i.</strong></span> 
     </span>
     <span class='ocr_line' id='line_1_46' title="bbox 356 4453 1560 4519; baseline 0.002 -20"><span class='ocrx_word' id='word_1_501' title='bbox 356 4453 500 4515; x_wconf 79' lang='lat' dir='ltr'><strong>eloquence3</strong></span> <span class='ocrx_word' id='word_1_502' title='bbox 518 4453 565 4501; x_wconf 85' lang='lat' dir='ltr'><strong>and</strong></span> <span class='ocrx_word' id='word_1_503' title='bbox 576 4454 644 4501; x_wconf 86' lang='lat' dir='ltr'><strong>there</strong></span> <span class='ocrx_word' id='word_1_504' title='bbox 655 4468 716 4501; x_wconf 78' lang='lat' dir='ltr'><strong>were</strong></span> <span class='ocrx_word' id='word_1_505' title='bbox 727 4454 814 4517; x_wconf 80' lang='lat' dir='ltr'><strong>always</strong></span> <span class='ocrx_word' id='word_1_506' title='bbox 825 4461 941 4517; x_wconf 87' lang='lat' dir='ltr'><strong>opportn-</strong></span> <span class='ocrx_word' id='word_1_507' title='bbox 974 4460 1002 4503; x_wconf 91' lang='lat' dir='ltr'><strong>nt</strong></span> <span class='ocrx_word' id='word_1_508' title='bbox 1013 4456 1107 4518; x_wconf 86' lang='lat' dir='ltr'><strong>aaepina</strong></span> <span class='ocrx_word' id='word_1_509' title='bbox 1124 4457 1211 4519; x_wconf 88' lang='lat' dir='ltr'><strong>optimi</strong></span> <span class='ocrx_word' id='word_1_510' title='bbox 1228 4456 1306 4504; x_wconf 73' lang='lat' dir='ltr'><strong>unani</strong></span> <span class='ocrx_word' id='word_1_511' title='bbox 1317 4454 1393 4503; x_wconf 81' lang='lat' dir='ltr'><strong>Codd.</strong></span> <span class='ocrx_word' id='word_1_512' title='bbox 1413 4454 1560 4502; x_wconf 85' lang='lat' dir='ltr'><strong>confirmant</strong></span> 
     </span>
    </p>
   </div>
   <div class='ocr_carea' id='block_1_8' title="bbox 0 0 1790 5325">
    <p class='ocr_par' dir='ltr' id='par_1_9' title="bbox 0 0 1790 5325">
     <span class='ocr_line' id='line_1_47' title="bbox 0 0 1790 5325; baseline 0 0"><span class='ocrx_word' id='word_1_513' title='bbox 0 0 1790 5325; x_wconf 95' lang='lat' dir='ltr'><strong> </strong></span> 
     </span>
    </p>
   </div>
  </div>
 </body>
</html>
