3517 5325
321 479 363 539 58
417 544 419 551 ,
613 470 748 535 ORAT.
773 467 864 533 PRO
895 466 1001 532 SEX.
1031 465 1197 533 Roscio

321 643 405 730 quod
419 643 554 727 adeptus
568 648 619 706 est
633 662 691 727 per
705 640 817 719 scelus,
835 640 868 703 id
882 660 939 725 per
953 638 1109 703 luxuriam
1123 635 1286 703 estundere
1299 644 1398 724 atque
1412 660 1532 704 consu·

321 762 415 805 mere.
442 734 558 804 ¹Huuc
583 738 643 803 sibi
658 752 698 802 ex
717 738 822 801 animo
841 737 1033 823 scrupulum,
1050 737 1104 822 qui
1126 756 1163 799 se
1183 736 1252 800 dies
1272 743 1448 822 noctesque
1469 739 1531 803 sti·

321 840 419 903 mulat
434 860 472 903 ac
487 837 611 923 pungit,
620 842 658 900 ut
674 835 816 902 evellatis
829 836 981 921 postulat,
992 841 1030 899 nt
1043 834 1086 898 nd
1098 834 1181 897 bane
1195 854 1285 897 suam
1299 835 1450 918 praedam
1459 842 1530 899 tam

321 936 471 1001 nefariam
501 934 665 1019 adjutores
688 954 745 996 ros
773 933 996 1018 profiteamini.
1042 932 1078 995 Si
1100 931 1191 995 robis
1211 950 1313 1016 aequa
1335 940 1370 996 et
1390 932 1530 997 honesta

321 1034 493 1121 postulatio
509 1032 641 1111 videtur,
655 1031 788 1116 judices,
806 1052 868 1116 ego
883 1038 996 1094 contra
1009 1032 1139 1094 breuem
1154 1028 1404 1115 postulationem
1417 1030 1527 1109 affero,

322 1141 366 1209 et,
378 1132 535 1219 quomodo
550 1130 627 1195 mihi
642 1128 828 1215 persuadeo,
841 1128 1005 1213 aliquanto
1016 1127 1208 1212 aequiorem.
1254 1126 1322 1192 lll.
1347 1128 1491 1191 Primum
1507 1150 1531 1191 a

323 1232 528 1317 Chrysogono
543 1236 619 1315 peto
634 1225 824 1312 utpecnnia
846 1225 1045 1311 fortunisque
1066 1224 1187 1288 nostris
1199 1232 1373 1289 contentus
1384 1226 1438 1301 sit,
1454 1246 1529 1289 san-

321 1328 449 1415 gninem
470 1334 505 1391 et
526 1326 625 1390 vitam
645 1346 687 1388 ns
708 1331 818 1409 petat:
843 1323 959 1387 deinde
979 1345 1000 1387 a
1021 1322 1119 1400 vobis,
1139 1322 1273 1407 judiees,
1297 1329 1337 1386 ut
1357 1323 1529 1386 audacium

322 1425 432 1490 sceleri
447 1424 612 1503 resistetis,
630 1421 846 1486 innocentium
862 1420 1076 1485 calamitatem
1090 1419 1203 1483 levetis
1216 1426 1252 1483 et
1271 1420 1303 1483 in
1318 1440 1433 1483 caussa
1448 1419 1528 1483 Sex.

323 1522 432 1587 Roscii
453 1522 628 1607 periculum
650 1520 736 1605 quod
758 1519 791 1583 in
813 1540 923 1582 omnes
943 1517 1121 1582 intenditur
1142 1517 1342 1602 propulsetis.
1387 1516 1530 1596 Quodsi

323 1634 379 1685 aut
394 1640 506 1684 caussa
521 1618 661 1682 criminis
681 1623 739 1680 eut
758 1616 836 1681 lacti
851 1615 990 1701 suspicio
1004 1622 1062 1679 aut
1083 1610 1248 1700 quaelibet·
1258 1613 1393 1699 denique
1407 1612 1456 1678 rel
1470 1614 1529 1677 mi-

323 1717 409 1781 nima
434 1738 486 1779 res
508 1714 693 1799 reperietur,
718 1714 925 1798 quamobrem
947 1712 1114 1776 rideantur
1135 1711 1180 1774 illi
1201 1711 1344 1775 nonnihil
1364 1720 1471 1775 tamen
1493 1711 1530 1773 in

324 1814 493 1878 deferendo
511 1812 637 1876 nomine
656 1812 767 1887 secuti,
788 1817 952 1896 postremo
973 1811 1001 1874 si
1023 1818 1150 1895 praeter
1171 1832 1241 1873 earu
1264 1810 1414 1895 praedem
1431 1830 1530 1895 quam

325 1912 390 1975 dixi
404 1911 575 1996 quidquam
584 1910 669 1973 eliud
684 1930 813 1973 caussae
828 1908 1022 1979 inveneritis.
1038 1930 1103 1973 non
1117 1928 1300 1973 recusamus
1312 1908 1388 1994 quin
1403 1908 1530 1971 illorum

324 2008 445 2072 libidini
461 2007 536 2073 Sex.
553 2007 661 2071 Roscii
676 2007 742 2071 vite
756 2006 901 2070 dedatur.
947 2006 1005 2071 Sin
1020 2007 1106 2071 aliud
1125 2006 1232 2091 agitur
1251 2007 1330 2070 nihil
1348 2007 1410 2070 nisi
1425 2014 1463 2071 nt
1488 2007 1531 2071 iis

325 2128 365 2169 ne
389 2106 465 2191 qnid
488 2106 571 2169 desit
599 2104 716 2189 quihus
736 2104 816 2169 setis
837 2104 915 2167 nihil
937 2113 1010 2181 est;
1046 2106 1073 2169 si
1095 2106 1157 2169 hoc
1178 2104 1281 2169 solum
1302 2100 1363 2168 hoc
1384 2111 1531 2189 tempore

324 2210 486 2289 pugnatur
507 2209 545 2267 ut
571 2203 613 2266 ad
635 2201 721 2265 illam
747 2201 884 2286 opimam
909 2202 1166 2287 praeclaramque
1189 2202 1341 2286 praedam
1366 2202 1529 2266 damnatio

326 2302 401 2365 Sex.
424 2300 533 2365 Roscii
555 2299 641 2365 velut
662 2298 805 2363 cumulus
827 2300 982 2373 accedat;
1018 2320 1122 2364 nonne
1144 2320 1242 2384 quum
1263 2299 1366 2364 multa
1386 2299 1529 2385 indigna,
1624 2331 1629 2338 ·

324 2406 394 2463 turn
419 2398 468 2463 vel
493 2399 553 2463 boc
576 2397 828 2482 indignissimum
850 2404 910 2476 est,
933 2418 991 2461 ros
1012 2398 1144 2462 idoneos
1164 2396 1292 2460 habitos
1312 2416 1371 2481 per
1391 2416 1528 2481 quorum

325 2496 502 2563 sententias
513 2497 628 2582 jusque
646 2496 817 2580 jurandum
832 2494 865 2557 id
883 2502 1105 2581 assequantur,
1122 2495 1208 2580 qnod
1222 2502 1319 2559 antea
1333 2493 1393 2579 ipsi
1408 2494 1529 2558 scelere

325 2604 359 2662 et
382 2596 466 2659 lerro
490 2592 617 2680 assequi
642 2593 857 2657 consuerunt!
879 2592 933 2679 qui
953 2614 994 2656 ex
1017 2592 1148 2658 civitate
1173 2592 1207 2655 in
1225 2600 1373 2655 senatum
1395 2598 1531 2678 propter

326 2681 524 2780 dignitatem,
542 2713 583 2756 ex
597 2699 711 2756 senatu
726 2692 759 2755 in
774 2692 835 2755 hoc
855 2691 1020 2756 eonsilium
1035 2690 1151 2755 delecti
1165 2690 1246 2754 estis
1267 2699 1400 2775 propter
1414 2690 1530 2754 severi-

325 2799 436 2870 tatem,
453 2793 494 2854 sb
509 2791 559 2854 his
574 2790 634 2854 hoc
648 2789 810 2875 postulare
825 2789 969 2854 homines
983 2788 1117 2853 sicarios
1130 2795 1228 2873 atque
1242 2789 1448 2873 gladiatores,
1465 2809 1531 2852 non

326 2890 421 2952 modo
435 2896 472 2954 nt
486 2887 638 2974 supplicia
652 2888 764 2966 vitent,
781 2907 862 2972 quae
877 2909 898 2950 a
917 2887 1008 2951 vobis
1028 2909 1087 2972 pro
1109 2885 1274 2950 maleficiis
1297 2886 1364 2950 suis
1386 2901 1531 2951 metuere

326 2994 422 3072 atque
437 2987 565 3050 horrere
581 2986 706 3062 debent,
723 3007 831 3048 verum
847 2985 944 3048 etiam
959 2991 998 3048 ut
1011 2984 1120 3069 spoliis
1137 2983 1229 3048 Sexti
1250 2983 1359 3048 Roscii
1375 2985 1435 3049 hoc
1445 2985 1531 3069 judi·

327 3084 378 3148 cio
391 3084 496 3149 ornati
513 3083 663 3168 auctique
690 3081 877 3146 discedenti
933 3081 995 3145 IV.
1021 3083 1085 3146 His
1102 3083 1142 3146 de
1163 3083 1260 3145 rebus
1279 3081 1382 3147 tantis
1400 3089 1531 3167 tamque

326 3181 489 3245 atrocibus
514 3201 616 3265 neque
645 3179 725 3244 satis
749 3201 801 3242 me
826 3180 991 3244 commode
1016 3180 1129 3260 dicere,
1157 3201 1260 3266 neque
1284 3180 1365 3244 satis
1390 3181 1531 3266 graviter

327 3276 486 3360 conqueri,
522 3295 625 3360 neque
658 3275 738 3339 satis
767 3275 865 3340 libere
896 3276 1061 3340 vociferari
1093 3299 1188 3362 posse
1224 3277 1377 3363 intelligo.
1445 3278 1531 3341 Nam

328 3373 547 3438 commoditati
562 3371 733 3458 ingenium,
749 3373 900 3458 gravitati
913 3381 1013 3454 aetas,
1026 3373 1167 3440 libertati
1181 3383 1328 3460 tempora
1341 3382 1418 3441 sunt
1431 3375 1531 3460 impe-

360 3592 523 3656 ampullam]
559 3592 605 3640 See
618 3592 674 3640 Vol.
693 3591 714 3640 I.
730 3592 812 3641 Dirin.
831 3607 852 3642 c.
873 3596 911 3643 ll.
944 3593 1322 3659 bisnammnstbsglrenin(o.
1335 3597 1377 3644 lo:
1389 3599 1533 3645 ‘utnonm

327 3658 381 3706 The
391 3657 516 3720 metaphor
526 3658 547 3705 ir
558 3663 602 3706 not
612 3657 665 3705 well
673 3657 731 3704 used
741 3658 913 3708 bere—Some
944 3661 1017 3722 hujus
1027 3661 1058 3708 de
1068 3660 1194 3723 parricidio
1204 3660 1325 3708 deferrent
1332 3661 1360 3722 ’).

328 3722 430 3770 editions
441 3723 502 3771 hare
514 3723 636 3771 ‘stimulet
645 3737 674 3770 uc
683 3723 792 3785 pnngut,'
802 3723 879 3772 which
890 3725 912 3774 is
976 3741 1009 3773 ex
1020 3727 1119 3773 σιοιιοιε
1127 3727 1153 3771 ιιι
1162 3728 1285 3784 emtum]
1310 3725 1371 3772 'l'bis
1379 3739 1456 3773 neme
1463 3729 1489 3772 ιο
1499 3724 1533 3772 bs

328 3786 477 3848 intelligible.
945 3789 1071 3852 explained
1079 3789 1112 3851 by
1119 3789 1284 3851 uhatAppien
1291 3788 1455 3852 (Redito)
1464 3804 1531 3851 nysa

360 3853 385 3900 3.
402 3852 515 3900 nonnihil
533 3851 625 3914 ιοοιιιι]
651 3850 773 3899 ‘Tamen'
790 3851 812 3900 is
829 3853 913 3916 placed
946 3860 963 3882 ‘¹
972 3855 1012 3901 lle
1021 3853 1100 3902 added
1115 3858 1142 3901 ιο
1155 3854 1198 3901 tbe
1213 3855 1310 3911 smus.
1320 3854 1399 3902 nmen
1413 3869 1462 3902 was
1473 3867 1532 3916 very

328 3917 393 3972 thus.
403 3917 473 3964 when
480 3917 499 3963 it
506 3917 615 3980 qnelilies
624 3932 639 3963 a
650 3916 726 3978 single
734 3918 799 3965 word
807 3933 835 3966 or
845 3933 913 3966 more
944 3918 1056 3965 deficient
1065 3919 1092 3964 ln
1099 3918 1213 3965 numbers
1221 3919 1300 3979 owing
1310 3923 1337 3966 to
1348 3919 1391 3967 the
1401 3919 1456 3966 e'vil
1463 3934 1531 3966 com-

328 3981 406 4028 wbicb
425 3981 526 4044 precede
547 3981 575 4029 it.
616 3981 670 4029 'Ibe
687 3997 730 4030 use
752 3981 780 4029 ol
801 3981 868 4042 ὅμως
886 3983 912 4028 in
944 3983 1049 4029 motione
1059 3982 1107 4028 and
1118 3982 1160 4029 tbe
1171 3998 1239 4040 wara,
1250 3983 1327 4030 about
1337 3983 1406 4031 three
1419 3983 1531 4031 hundred

329 4046 409 4094 Greek
419 4046 440 4093 ie
450 4046 492 4093 the
502 4061 575 4094 same.
609 4045 647 4108 By
658 4047 762 4094 ‘secuti’
777 4047 808 4094 be
821 4061 912 4103 means,
944 4046 1006 4093 hom
1017 4045 1061 4092 the
1067 4045 1164 4094 noblest
1170 4047 1279 4110 Equites,
1287 4047 1531 4109 sllowingtbetribes

328 4110 382 4157 that
397 4109 454 4171 they
466 4109 553 4159 should
563 4123 628 4157 mm
638 4115 664 4158 ιο
679 4111 739 4158 have
753 4111 815 4157 been
826 4125 912 4172 puren-
944 4115 1036 4158 torotc
1043 4125 1109 4172 npon
1116 4112 1182 4158 euch.
1215 4112 1532 4159 sudhemmnmittedmd

328 4175 371 4234 ing
379 4175 523 4236 something,
535 4179 560 4221 tn
575 4173 636 4222 heve
646 4175 729 4222 shown
740 4189 808 4221 some
817 4189 912 4232 resson,
945 4175 1051 4222 enrolled
1062 4176 1087 4222 ln
1098 4176 1141 4223 the
1152 4176 1223 4224 Plebs
1237 4177 1279 4224 the
1289 4181 1409 4238 ycungsst
1419 4177 1495 4224 alares
1505 4177 1535 4223 ol

329 4237 438 4285 however
449 4240 527 4296 small,
539 4239 576 4287 lor
588 4239 670 4301 luylng
684 4239 733 4285 this
750 4238 913 4286 information.
945 4239 1015 4286 those
1024 4240 1079 4287 urbo
1093 4240 1140 4288 bed
1156 4239 1218 4289 been
1234 4246 1280 4302 put
1295 4246 1322 4288 to
1338 4241 1411 4288 death
1426 4241 1474 4288 and
1489 4240 1532 4288 the

331 4302 465 4358 llotmunn,
476 4303 514 4350 for
532 4303 575 4351 the
591 4303 682 4351 henefit
697 4302 725 4350 ol
739 4301 830 4350 certain
850 4306 914 4349 ‘non
946 4310 1037 4366 strong,
1059 4319 1127 4353 more
1147 4306 1207 4353 than
1223 4311 1267 4354 ten
1285 4306 1416 4363 tbomsnd,
1433 4305 1482 4353 and
1498 4306 1532 4352 be

329 4365 451 4427 imperiti,'
469 4367 577 4428 explains
591 4367 645 4414 thet
663 4366 769 4414 ‘defens
778 4367 882 4414 nomen'
894 4367 915 4414 ἱι
947 4368 1017 4416 made
1035 4369 1103 4417 them
1123 4370 1218 4418 Roman
1240 4370 1347 4426 emens.
1370 4371 1418 4417 end
1443 4369 1532 4417 mmcd

330 4435 374 4478 not
383 4431 477 4493 eusctly
489 4430 641 4488 ‘accusem'
658 4431 706 4478 und
717 4445 744 4479 ιο
754 4445 791 4478 we
801 4445 913 4494 suppose.
945 4433 1011 4480 them
1027 4434 1132 4482 Cornelii
1148 4435 1211 4482 hom
1224 4435 1329 4491 himself,
1340 4435 1395 4482 that
1409 4435 1441 4482 he
1453 4434 1532 4495 might

330 4493 914 4557 Thefintpntnfncrimimlpooeeeingim
945 4497 1006 4545 bare
1021 4502 1064 4546 ten
1080 4499 1201 4548 thonnnd
1216 4498 1306 4546 Plebn‘i
1322 4499 1431 4562 resdyto
1447 4500 1479 4546 do
1493 4499 1532 4545 bis

331 4558 442 4621 charges
452 4573 508 4606 man
519 4557 603 4605 witha
617 4559 699 4616 mimo,
714 4559 739 4605 in
752 4559 825 4621 doing
836 4560 914 4609 wbicb
945 4561 1070 4624 meumgss'
