3517 5325
711 435 812 501 uxr.
837 440 888 517 15,
912 438 964 501 16.
1396 444 1432 508 a]

234 606 434 679 amandatur.
481 604 611 671 Etenim
639 628 726 685 mors
755 607 892 673 honesta
916 630 1011 695 saepe
1036 610 1136 677 vitam
1159 634 1284 699 quoque
1313 620 1439 699 turpem

234 710 389 767 exornat:
414 702 482 766 vita
504 702 608 787 turpis
631 726 671 767 ne
700 705 796 769 morti
821 706 948 791 quidem
970 708 1124 773 honestae
1152 710 1256 778 locum
1278 710 1437 797 relinquit.

236 798 325 887 Ergo
350 798 486 877 hercule,
506 800 597 884 eujus
611 800 695 864 bona
710 824 750 865 ex
765 802 870 865 edicto
894 803 1106 886 possidentur,
1122 806 1218 889 hujus
1239 806 1340 871 omnis
1354 809 1438 871 fania

234 902 269 960 et
294 894 489 961 existimatio
515 918 587 959 cum
607 897 698 959 bonis
721 896 814 960 simul
834 898 1037 983 possidetur;
1063 900 1180 987 dequo
1200 902 1297 966 libelli
1311 903 1344 965 in
1358 904 1438 968 cele-

235 992 381 1057 berrimis
403 992 480 1056 locis
500 1001 729 1079 proponuntur,
755 994 829 1057 huic
856 1016 897 1059 ne
922 996 1025 1081 perire
1050 998 1177 1083 quidem
1202 999 1301 1065 tacite
1326 1002 1439 1064 obscu-

235 1112 331 1176 reque
355 1089 560 1165 conceditur;
585 1090 634 1155 cui
660 1091 805 1176 magistri
828 1092 911 1155 fiunt
926 1099 961 1157 et
976 1092 1094 1157 domini
1119 1096 1367 1175 constituuntur,
1384 1096 1439 1183 qui

236 1209 298 1273 qua
321 1186 391 1273 lege
417 1194 535 1273 etqua
561 1188 742 1253 conditione
771 1194 884 1273 pereat
911 1191 1141 1274 pronuntient;
1166 1193 1290 1281 dequo
1313 1192 1439 1257 homine

236 1284 403 1369 praeconis
429 1305 491 1346 vox
517 1281 679 1371 praedicat
708 1292 742 1348 et
770 1284 908 1374 pretium
931 1286 1080 1363 conficit;
1105 1288 1179 1353 huic
1201 1290 1439 1353 acerbissimum

235 1380 305 1443 vivo
320 1378 501 1463 videntique
516 1378 610 1443 funus
630 1380 773 1445 ducitur:
798 1380 825 1443 si
849 1381 945 1445 sunus
965 1381 997 1444 id
1015 1382 1194 1461 habendum
1217 1386 1269 1464 sit,
1293 1409 1356 1471 quo
1375 1409 1439 1451 non

235 1476 328 1541 amici
339 1476 528 1541 conveniunt
537 1477 578 1539 ad
588 1477 755 1562 exsequias
766 1476 1028 1556 cohonestandas,
1040 1481 1095 1542 sed
1105 1482 1259 1545 bonorum
1269 1490 1437 1567 emptores,

235 1578 272 1637 ut
286 1572 459 1651 carnifices
476 1573 517 1635 ad
532 1572 681 1659 reliquias
697 1574 780 1638 vitae
803 1574 989 1637 lacerandas
1008 1584 1042 1639 et
1057 1576 1288 1644 distrahendas.
1335 1578 1437 1643 XVI.

238 1668 352 1755 ltaque
375 1670 512 1753 majores
541 1672 643 1734 nostri
666 1692 739 1734 raro
768 1670 800 1734 id
829 1670 975 1735 accidere
1001 1672 1186 1747 voluerunt3
1210 1682 1373 1761 praetores
1401 1684 1437 1743 ut

237 1766 437 1831 considerate
465 1766 556 1831 fieret
586 1774 873 1853 comparaverunt3
900 1767 957 1830 viri
986 1768 1071 1847 boni,
1103 1793 1200 1855 quum
1229 1772 1334 1856 palam
1355 1772 1439 1837 frau-

236 1866 360 1941 dantur,
383 1886 480 1949 quum
497 1864 680 1949 experiundi
703 1870 848 1951 potestas
874 1886 938 1927 non
962 1872 1021 1945 est,
1039 1866 1149 1931 timide
1172 1875 1281 1933 tamen
1297 1879 1331 1935 et
1345 1870 1438 1955 pede-

235 1961 350 2025 tentim
376 1962 459 2025 istuc
486 1962 691 2040 descendunt,
715 1962 745 2025 vi
769 1984 806 2025 ac
833 1962 1024 2026 necessitate
1055 1965 1167 2043 coacti,
1198 1966 1297 2044 inviti,
1328 1966 1438 2031 multis

235 2058 421 2123 vadimoniis
447 2059 581 2122 desertis
610 2080 704 2143 saepe
730 2056 811 2121 illusi
841 2080 878 2121 ao
909 2058 1066 2125 destituti.
1112 2062 1325 2126 considerant
1353 2063 1438 2126 enim

236 2154 312 2243 quid
328 2170 360 2220 et
381 2162 534 2241 quantum
549 2154 592 2219 sit
606 2156 738 2219 alterius
760 2157 843 2219 bona
858 2156 1065 2239 proscribere.
1109 2156 1134 2219 J
1136 2158 1266 2243 ugulare
1281 2158 1381 2223 civem
1398 2180 1439 2221 ne

233 2254 306 2339 jure
321 2253 445 2337 quidem
460 2253 625 2337 quisquam
650 2252 752 2317 bonus
766 2252 851 2315 vult:
876 2252 998 2316 mavult
1023 2254 1106 2317 enim
1126 2277 1372 2319 commemorare
1392 2276 1436 2333 se,

237 2372 333 2434 quum
358 2358 466 2434 posset
490 2350 631 2433 perdere,
666 2348 855 2434 pepercisse,
884 2370 980 2432 quam
1009 2371 1105 2434 quum
1135 2372 1264 2437 parcere
1298 2351 1440 2435 potuerit

237 2446 420 2531 perdidisse.
466 2446 558 2511 Haec
584 2447 617 2509 in
646 2445 788 2508 homines
810 2444 1026 2523 alienissimos,
1053 2446 1188 2531 denique
1208 2446 1440 2510 inimicissimos

237 2543 294 2607 viri
318 2542 392 2605 boni
418 2542 539 2625 iaciunt
555 2550 588 2607 et
602 2542 765 2605 hominurn
788 2540 1034 2605 existimationis
1049 2550 1082 2607 et
1101 2542 1277 2610 communis
1298 2542 1440 2605 humani-

237 2640 315 2704 tatis
344 2663 475 2714 caussa;
500 2648 547 2716 ut,
572 2662 668 2724 quum
690 2636 750 2723 ipsi
776 2638 853 2702 nihil
883 2638 976 2703 alteri
998 2640 1136 2704 scientes
1162 2638 1438 2717 incommodarint,

236 2738 313 2802 nihil
337 2738 414 2822 ipsis
439 2739 512 2820 jure
541 2736 733 2800 incommodi
761 2736 875 2802 cadere
903 2737 1015 2820 possit.
1061 2737 1117 2800 Ad
1138 2737 1349 2802 vadimouimn
1374 2759 1438 2802 non

221 2835 334 2914 ,venit
380 2834 478 2914 Quis!
523 2832 736 2917 Propinquus.
783 2832 817 2894 Si
846 2832 991 2896 resista
1024 2833 1211 2916 gravissima
1239 2856 1297 2898 sna
1325 2843 1440 2920 sponte

236 2929 406 3008 videretur,
433 2937 541 2994 tamen
566 2929 636 3012 ejus
665 2927 819 2994 atrocitas
848 2927 1089 2994 necessitudinis
1118 2929 1244 2994 nomine
1273 2929 1440 2994 levaretur.

237 3028 292 3092 Ad
303 3025 515 3090 vadimonium
530 3047 593 3089 non
605 3024 700 3090 venit.
745 3025 843 3107 Quis?
888 3023 1009 3088 Socius.
1055 3025 1163 3122 Etiam
1178 3026 1308 3113 gravim
1322 3028 1440 3113 aliquid

239 3235 267 3283 ol
275 3235 318 3282 tbe
328 3234 407 3282 critice
422 3248 462 3281 are
471 3233 575 3282 satisfied
588 3233 645 3280 arith
657 3233 705 3281 this
715 3247 823 3296 passage,
856 3233 975 3290 venirent,
984 3233 1014 3282 L.
1026 3233 1145 3282 Pontius”
1163 3234 1225 3297 (Cic.
1236 3235 1275 3282 Ad
1286 3235 1361 3284 Attio.
1375 3237 1392 3283 i.
1407 3234 1440 3300 1).

239 3300 286 3347 sud
309 3299 367 3346 each
383 3297 427 3346 bas
442 3297 481 3345 bis
500 3297 651 3346 emendation
671 3307 697 3345 to
714 3313 823 3360 propose.
857 3297 892 3346 As
903 3298 979 3346 lethe
990 3299 1043 3345 title
1049 3297 1126 3345 which
1137 3299 1179 3346 the
1190 3299 1318 3362 purchaser
1328 3299 1441 3363 acquired

238 3363 311 3411 Klots
323 3363 409 3410 inserts
420 3361 503 3419 ‘nom'
514 3361 561 3410 and
571 3361 649 3410 vrttes
662 3363 751 3409 ‘vitam
764 3377 823 3424 quo·
856 3371 883 3409 at
893 3377 924 3410 an
935 3363 1031 3409 auctiora
1043 3363 1113 3410 made
1124 3363 1199 3410 under
1209 3365 1270 3426 legal
1281 3379 1384 3426 process,
1401 3379 1441 3412 see

237 3443 284 3490 que
306 3441 354 3474 non
371 3432 467 3490 turpem
493 3425 610 3483 exomat,¹
632 3425 710 3474 which
743 3425 825 3474 Keller
858 3425 932 3474 Gaius
943 3425 1064 3488 piatam
1080 3427 1203 3490 lutto).
1239 3427 1277 3476 He
1286 3427 1342 3490 only
1350 3429 1441 3489 gottbe

237 3492 315 3540 would
330 3491 410 3554 preter
424 3497 450 3539 to
467 3507 514 3554 any
525 3491 553 3537 of
567 3491 608 3538 the
620 3489 792 3545 emendations,
805 3491 825 3537 if
856 3489 992 3538 Bonitarian
1011 3492 1144 3552 ownership
1155 3505 1183 3538 or
1194 3488 1382 3553 equitabletitle.
1400 3491 1441 3540 Ha

238 3555 431 3603 wearetohase
449 3571 503 3603 one.
537 3555 562 3602 lt
580 3555 601 3602 is
616 3555 725 3602 however
742 3553 826 3602 oueoi
854 3562 897 3616 got
908 3555 946 3602 his
957 3555 1018 3620 legal
1028 3557 1082 3603 title
1092 3555 1283 3620 by‘uauoapio.'

238 3621 280 3668 tbe
290 3625 371 3674 worst,
387 3620 434 3666 and
445 3621 465 3667 is
476 3632 536 3682 pure
549 3633 675 3666 nonsense.
709 3619 822 3666 'l'bereia
890 3619 928 3668 ld.
946 3619 1164 3681 eaperiaadl‚d⁴r.]
1200 3621 1345 3682 Wbentbey
1353 3623 1441 3668 cannot

238 3699 270 3730 no
288 3683 403 3746 difficulty
419 3685 444 3730 in
466 3685 547 3746 seeing
568 3683 633 3730 what
655 3681 738 3730 Cicero
760 3697 822 3744 says.
855 3683 956 3746 prooeed
978 3686 1071 3763 apainst
1088 3683 1175 3730 himin
1187 3683 1229 3730 the
1246 3683 1315 3731 usual
1331 3687 1392 3731 torm
1404 3684 1440 3744 (in

238 3745 751 3802 Wbetberitissaidvrellorill,isanotber
759 3751 821 3793 mat·
852 3749 893 3807 jus
909 3761 1014 3809 vocare),
1037 3749 1138 3796 &cause
1154 3747 1185 3794 be
1201 3747 1222 3794 is
1239 3749 1322 3808 hiding
1337 3748 1440 3794 himself.

238 3817 283 3860 ter.
318 3811 505 3874 lsupposathat
517 3813 549 3859 he
559 3811 629 3859 could
639 3811 688 3858 tall
700 3811 746 3858 and
755 3811 822 3857 write
856 3809 902 3858 ‘In
916 3812 956 3872 jus
968 3827 1051 3859 vocare
1067 3818 1104 3858 est
1121 3811 1182 3872 juris
1201 3812 1341 3872 experiundi
1357 3825 1442 3857 causas

238 3891 254 3924 a
269 3876 330 3924 little
347 3877 396 3938 idly
408 3877 553 3930 sometimes.
570 3875 619 3922 like
636 3876 706 3922 other
721 3875 822 3936 people;
855 3875 948 3921 vocare'
966 3875 1074 3935 (Paulus,
1086 3873 1142 3934 θὶς.
1154 3879 1179 3922 2.
1192 3879 1215 3922 t.
1231 3875 1264 3936 l).

238 3940 392 4002 particularly
403 3940 471 3988 arhen
483 3941 514 3987 lae
524 3955 572 3986 was
583 3955 598 3986 s
608 3955 690 4002 young
701 3953 765 3985 man.
893 3939 973 3993 Quis?
992 3937 1099 4000 Socius.]
1126 3939 1191 3984 llere
1197 3939 1228 3983 he
1235 3938 1293 3984 calls
1300 3935 1366 3983 them
1375 3941 1441 3998 part-

271 4003 395 4066 mupa'alra]
430 4003 483 4052 The
501 4003 642 4066 ‘magister'
656 4003 823 4050 laoneolthe
856 4015 925 4058 ners;
943 4001 987 4048 but
1005 4001 1135 4048 thewords
1149 4001 1227 4046 which
1246 3999 1325 4046 follow
1336 4001 1406 4046 male
1421 4001 1442 4048 it

239 4069 353 4115 creditors
364 4069 418 4116 who
434 4069 477 4115 bas
494 4069 536 4115 the
555 4069 723 4128 management
740 4063 768 4112 oi
781 4065 824 4113 the
856 4065 975 4120 doubtful,
987 4065 1008 4111 it
1023 4065 1054 4112 be
1067 4063 1206 4111 considered
1217 4064 1283 4110 tbem
1295 4078 1321 4109 as
1332 4069 1441 4124 partners

239 4133 288 4180 aule
298 4133 326 4180 ol
337 4133 379 4179 the
389 4131 530 4179 insolveut’a
541 4137 662 4192 property.
694 4129 748 4180 'l'be
758 4129 823 4178 word
856 4129 913 4191 only
924 4127 1026 4176 because
1040 4128 1145 4175 Naevius
1160 4128 1207 4175 and
1223 4127 1251 4175 C.
1264 4127 1377 4179 Quintius
1393 4127 1442 4174 bad

239 4195 362 4244 ‘domini'
379 4211 470 4252 means,
487 4196 499 4242 Ι
517 4209 628 4256 suppose,
645 4194 699 4241 that
715 4194 757 4241 the
773 4209 823 4242 cre-
856 4193 918 4240 been
940 4194 1058 4254 purtners,¹
1079 4191 1156 4238 which
1179 4191 1350 4238 circumstance
1371 4192 1442 4239 alone

239 4261 314 4308 ditors
328 4257 485 4308 exerdsetbe
500 4259 631 4305 dominium
648 4257 824 4320 overtbspro·
858 4257 898 4304 did
920 4266 964 4303 not
986 4259 1057 4304 malie
1078 4255 1105 4303 P.
1129 4255 1244 4307 Quintius
1265 4255 1313 4302 and
1335 4257 1442 4304 Naevius

238 4333 317 4388 party,
328 4325 386 4386 they
403 4325 447 4371 sell
460 4337 487 4370 as
501 4337 600 4378 owners,
612 4321 704 4381 though
716 4321 773 4384 they
784 4337 824 4369 are
857 4329 983 4384 partners3
1012 4335 1040 4368 or
1061 4326 1171 4382 pertners
1190 4321 1215 4366 iu
1235 4335 1398 4382 consequence
1416 4319 1444 4367 ol

238 4395 283 4436 not
303 4403 404 4436 owners.
438 4389 521 4436 “Una
540 4387 643 4448 agebant
658 4386 732 4434 ceteri
749 4385 823 4432 credi-
857 4386 1014 4446 theirbaving
1022 4385 1091 4432 acted
1099 4383 1146 4431 and
1153 4383 1370 4446 desitaspartuers
1381 4385 1442 4431 alter

238 4459 303 4501 tores
318 4453 344 4500 in
361 4452 449 4514 quibus
466 4457 517 4500 erat
535 4451 650 4499 Lucullus
666 4455 689 4498 et
705 4449 732 4496 Ρ.
745 4449 824 4512 Scipio
858 4449 901 4496 tlae
912 4449 984 4496 death
996 4449 1023 4496 ol
1031 4449 1059 4497 C.
1069 4449 1191 4502 Quintius.
1225 4449 1266 4498 su
1276 4449 1381 4510 through
1392 4449 1441 4495 this

239 4519 379 4580 etlsquem
391 4517 510 4580 putabant
520 4515 660 4580 magistrum
671 4515 721 4564 lore
730 4514 751 4562 ai
762 4513 825 4562 bona
857 4511 951 4561 oration
969 4513 1012 4561 the
1033 4513 1094 4561 tarta
1115 4527 1156 4564 are
1173 4513 1218 4564 lelt
1238 4515 1263 4562 ia
1280 4529 1295 4562 a
1313 4513 1442 4578 perplacet
