3517 5325
606 502 786 569 ΗΑΒΙΤΟ
809 503 911 570 ΟΑΡ.
934 507 984 584 30,
1008 507 1061 570 31.
1368 503 1433 572 327

233 669 386 759 pitudinis
414 669 577 737 infamiam
604 673 659 737 ubi
685 681 794 738 cetera
823 674 978 739 maleficia
1009 673 1207 746 consistunt;
1246 673 1288 736 ab
1316 691 1355 735 eo
1384 671 1431 735 in·

233 771 348 836 sidiam
368 770 530 846 discedere
552 771 719 857 aliquando
741 773 783 836 ad
804 794 897 858 quem
920 793 1091 858 numquam
1112 769 1282 835 accessisse
1304 768 1429 854 culpam

233 869 358 933 videtis.

279 965 425 1030 XXXI.
449 971 497 1031 At
526 967 610 1030 enim
633 967 799 1052 pecuniam
824 966 956 1032 Staieno
985 967 1074 1032 dedit
1097 965 1289 1051 Oppianicus
1306 985 1369 1028 non
1388 963 1431 1027 ad

234 1065 496 1148 corrumpendum
508 1064 672 1149 judicium,
685 1064 742 1128 sed
756 1065 797 1128 ad
812 1064 1066 1129 conciliationem
1080 1064 1214 1149 gratiae.
1258 1061 1346 1126 'lene
1359 1061 1429 1138 hoc,

235 1160 321 1236 Atti,
337 1161 449 1239 dicere,
473 1161 530 1225 tali
550 1161 726 1246 prudentia,
742 1161 839 1225 etiam
859 1183 920 1225 usu
938 1169 1036 1246 atque
1056 1161 1285 1225 exercitatione
1309 1157 1432 1244 praedi-

234 1259 325 1323 tumi
370 1258 644 1344 Sapientissimum
673 1279 743 1323 esse
772 1259 885 1324 dicunt
914 1281 986 1324 enm
1015 1259 1068 1323 cui
1092 1258 1175 1344 qnod
1201 1277 1281 1342 opus
1305 1256 1349 1319 sit
1370 1255 1431 1339 ipsi

235 1355 343 1421 venmt
364 1357 396 1420 in
421 1363 581 1430 mentem
606 1355 749 1442 proxime
774 1357 927 1420 accedere
948 1356 1036 1420 illum
1061 1357 1114 1442 qui
1136 1356 1267 1420 alterium
1289 1354 1368 1416 bene
1385 1351 1432 1414 in-

236 1453 340 1517 ventis
363 1453 573 1538 obtemperet.
619 1451 659 1515 In
678 1453 817 1517 stultitia
840 1455 954 1516 co'ntra
972 1462 1033 1518 est.
1079 1453 1190 1516 Minus
1209 1451 1293 1516 enim
1312 1451 1432 1514 stultus

237 1558 288 1615 est
303 1550 331 1614 is
345 1551 396 1614 oui
409 1551 486 1614 nihil
501 1545 682 1614 in'mentem
696 1549 887 1635 venitquam
899 1551 950 1614 illc
964 1551 1017 1636 qui
1028 1551 1112 1636 quod
1126 1551 1225 1615 stulte
1239 1547 1332 1612 alteri
1346 1545 1434 1612 venit

237 1647 270 1710 in
284 1654 423 1711 mentem
438 1648 634 1733 comprobat.
682 1646 784 1710 lstam
795 1647 1048 1712 conciliationem
1062 1648 1185 1733 gratiae
1201 1645 1351 1709 Staienus
1361 1651 1432 1708 tum

237 1744 358 1809 recenti
373 1766 408 1809 re
428 1765 524 1830 quum
543 1745 686 1808 lancibus
707 1751 905 1830 premeretur
920 1745 1122 1830 excogitavit,
1144 1743 1218 1821 siue,
1235 1749 1273 1808 ut
1291 1742 1435 1806 homiues

238 1849 308 1926 turn
322 1843 541 1928 loquebantur,
558 1841 624 1906 aP.
637 1841 779 1928 Cethego
794 1841 974 1906 admonitus
987 1840 1096 1927 [istam
1108 1841 1197 1906 dedit
1206 1839 1435 1904 conciliationis

239 1947 274 2004 et
297 1941 421 2026 gratiae
444 1941 610 2023 fabulam}
656 1939 739 2004 Nam
758 1939 857 2003 fuisse
881 1940 964 2004 hunc
987 1950 1056 2004 tum
1076 1940 1236 2003 homiuum
1255 1959 1433 2003 sermonem

239 2038 398 2101 recordari
412 2038 565 2122 potestis:
591 2035 776 2122 Cethegum,
793 2037 877 2122 qnod
893 2037 1049 2101 hominem
1065 2037 1185 2102 odisset
1206 2045 1241 2101 et
1260 2036 1346 2122 quod
1365 2035 1435 2120 ejus

239 2133 475 2219 improbitatem
489 2133 604 2198 versari
620 2134 651 2197 in
661 2133 833 2219 republica
847 2133 955 2212 nubet,
966 2143 1001 2200 et
1013 2136 1099 2220 quod
1109 2135 1232 2200 videret
1244 2155 1316 2198 enm
1330 2132 1385 2218 qui
1398 2153 1434 2196 se

239 2231 281 2295 ab
301 2253 356 2295 reo
377 2232 542 2316 pecuniam
564 2252 661 2316 quum
679 2231 779 2314 judex
796 2238 882 2295 esset
904 2232 986 2295 clam
1002 2240 1099 2318 atque
1117 2238 1210 2295 extra
1224 2231 1367 2294 ordinem
1381 2249 1433 2292 ac·

240 2328 362 2413 cepisse
380 2330 544 2394 confessus
558 2336 652 2404 esset,
668 2328 790 2392 salvum
805 2349 875 2392 esse
889 2351 952 2392 non
968 2351 1072 2413 posse,
1088 2329 1192 2392 miuus
1211 2328 1240 2392 ei
1255 2327 1347 2390 fidele
1361 2345 1434 2388 cou-

240 2425 344 2490 silium
368 2427 504 2490 dedisse.
550 2425 590 2488 In
615 2425 676 2488 hoc
701 2425 728 2487 si
751 2424 913 2508 improbus
936 2424 1099 2510 Cethegus
1120 2425 1189 2502 suit,
1216 2423 1341 2486 videtur
1358 2421 1436 2483 mihi

239 2522 455 2586 &versarium
483 2541 646 2586 removere
674 2519 820 2584 voluisse.
881 2519 938 2584 Sin
974 2528 1045 2586 erat
1073 2519 1228 2605 ejusmodi
1256 2539 1370 2582 caussa
1398 2525 1436 2582 ut

236 2621 391 2686 Staienus
416 2640 562 2684 nummos
586 2639 621 2682 se
646 2616 808 2702 accepisse
838 2637 956 2701 negare
979 2639 1042 2681 nou
1066 2625 1197 2702 posset;
1225 2616 1302 2680 nihil
1327 2621 1435 2679 autem

241 2724 311 2783 erat
333 2716 538 2803 periculosius
560 2736 619 2779 nec
638 2714 761 2799 turpius
780 2734 875 2799 quam
897 2714 938 2777 ad
962 2736 1057 2800 quam
1078 2736 1146 2778 rem
1169 2713 1343 2798 accepisset
1362 2734 1433 2775 oon-

241 2814 344 2889 iiteri;
369 2834 432 2877 nou
455 2821 506 2877 est
529 2812 692 2876 consilium
719 2810 852 2895 Cethegi
880 2812 1185 2896 reprehendendum.
1229 2810 1351 2874 Verum
1374 2809 1437 2872 alia

242 2930 355 2975 caussa
382 2916 452 2975 tum
479 2908 601 2973 Staieni
620 2908 690 2983 init,
714 2908 776 2971 alia
796 2928 890 2985 nunc,
912 2907 997 2985 Atti,
1018 2899 1157 2972 tuaest.
1203 2906 1261 2971 ille
1282 2928 1378 2992 quum
1400 2928 1436 2968 re

242 3016 446 3095 premeretur,
474 3008 691 3093 quodcumque
711 3005 840 3083 diceret,
860 3006 1025 3070 honestius
1046 3006 1167 3071 diceret
1192 3006 1332 3091 quamsi
1353 3005 1438 3091 qnod

243 3112 312 3171 erat
336 3106 457 3171 iactum
473 3104 648 3175 fateretur;
680 3111 713 3167 te
736 3124 809 3166 vero
828 3103 906 3167 illud
923 3102 1007 3167 idem
1029 3104 1113 3189 quod
1130 3112 1200 3169 tum
1219 3102 1384 3189 explosum
1403 3110 1438 3166 et

243 3204 380 3287 ejectum
409 3211 460 3267 est
488 3224 571 3266 nuuc
599 3200 762 3265 rettulisse
785 3200 929 3264 demiror.
975 3201 1037 3283 Qui
1059 3203 1143 3265 enim
1165 3205 1294 3289 poterat
1314 3208 1385 3265 tum
1405 3198 1438 3261 in

243 3300 378 3385 gratiam
394 3298 497 3363 redire
519 3320 590 3363 cum
617 3297 790 3383 Oppianico
815 3298 991 3375 Cluentius,
1014 3297 1161 3385 quicum
1183 3306 1284 3365 matre
1298 3298 1438 3362 habebat

243 3395 441 3461 simultates?
463 3396 617 3460 haerebat
631 3395 662 3458 in
672 3396 789 3459 tabulis
800 3395 934 3480 publicis
945 3418 1018 3459 reus
1032 3404 1067 3460 et
1077 3405 1267 3472 accusator;
1285 3396 1436 3472 condem·

243 3492 310 3556 nati
339 3502 430 3559 erant
460 3492 619 3569 Fabricii,
660 3515 719 3557 nec
748 3492 829 3555 elabi
859 3492 922 3556 alio
947 3500 1135 3559 accusatore
1163 3501 1291 3579 poterat
1312 3492 1438 3569 Albius,

278 3676 318 3722 81.
334 3676 555 3737 istm—sotulares.
587 3676 666 3724 These
687 3676 765 3725 rrordr
784 3690 825 3725 are
856 3676 1016 3725 thcscsnsed.
1048 3677 1102 3726 The
1118 3679 1179 3741 guilt
1194 3678 1221 3727 ol
1229 3678 1376 3741 Oppianicus
1392 3692 1442 3725 war

244 3738 345 3785 omitted
356 3739 380 3785 in
393 3740 417 3787 S.
429 3740 474 3787 're
491 3742 538 3788 and
631 3741 826 3788 nbassnotein
858 3756 886 3788 so
903 3742 966 3788 clear
982 3742 1035 3789 that
1051 3743 1072 3789 it
1087 3756 1136 3790 war
1156 3742 1296 3804 impossible
1316 3742 1348 3789 he
1369 3742 1439 3789 could

244 3801 322 3848 which
332 3802 364 3849 hc
380 3804 445 3863 §aas
461 3818 557 3851 ransom
574 3804 612 3851 lor
627 3806 758 3865 suppoaing
773 3805 827 3851 that
859 3818 952 3865 campe,
974 3804 1058 3866 iiany
1075 3806 1145 3853 other
1161 3821 1218 3853 man
1235 3806 1296 3852 than
1314 3804 1439 3853 Cluentius

245 3865 303 3925 thay
314 3878 395 3911 aman
406 3867 581 3929 interpolation.
616 3868 770 3915 ilisreasous
785 3882 826 3914 ars
858 3868 959 3914 werthe
976 3870 1151 3925 cucusenam
1168 3869 1190 3915 il
1204 3870 1236 3916 he
1252 3868 1352 3931 escaped
1370 3869 1439 3915 when

244 3928 377 3990 ingenious,
386 3929 431 3976 but
442 3930 454 3977 1
465 3946 504 3978 am
513 3936 556 3978 not
566 3932 695 3978 continued
705 3932 759 3979 that
770 3932 826 3993 they
859 3931 984 3979 Cluentius
994 3932 1094 3978 werthe
1105 3946 1209 3987 accuser,
1219 3932 1287 3979 there
1298 3932 1374 3993 might
1385 3932 1415 3979 be
1426 3947 1442 3979 a

244 3992 421 4041 aresufficient.
859 3995 978 4057 suspicion
987 3995 1355 4055 thatCluentinswasnotacting
1363 3996 1440 4057 fairly,

278 4060 350 4104 extro
365 4056 486 4117 ordinm]
507 4057 552 4103 See
563 4056 724 4115 Prol‘unteio
736 4072 756 4105 c.
769 4058 826 4105 8.-
858 4058 1006 4105 thetbertus
1018 4058 1235 4119 ‘praevaricatiug.'
1258 4058 1285 4105 ll
1292 4060 1323 4105 he
1334 4059 1441 4121 dropped

246 4120 406 4168 ‘numiam’
424 4121 449 4167 8.
463 4120 492 4167 Τ.
504 4120 564 4167 haue
579 4120 708 4167 ‘detulisse
716 4120 731 4178 ;'
749 4120 826 4167 which
858 4122 901 4168 the
912 4122 1005 4181 charge,
1016 4122 1075 4168 then
1090 4122 1121 4169 he
1131 4138 1173 4169 ran
1185 4124 1227 4169 the
1237 4123 1286 4169 risi(
1300 4122 1328 4169 os
1335 4122 1442 4183 disgraee

246 4184 324 4233 shows
340 4186 394 4232 that
409 4198 445 4232 we
462 4190 550 4231 cannot
568 4185 655 4246 always
671 4185 823 4232 trustthem.
856 4185 894 4233 for
910 4186 1007 4246 making
1021 4186 1195 4247 achergethat
1213 4186 1244 4233 he
1259 4186 1337 4233 would
1356 4192 1442 4234 notor

245 4252 284 4285 -‘
292 4248 396 4296 habebat
407 4250 539 4301 simultates
547 4248 564 4295 :'
583 4264 631 4295 om.
645 4248 733 4297 Baiter.
857 4249 927 4297 could
935 4254 977 4295 not
988 4250 1111 4296 maintain.
1130 4250 1169 4296 lle
1180 4251 1256 4311 might
1266 4251 1296 4297 be
1305 4250 1443 4299 considered

278 4314 404 4375 turretut]
424 4312 487 4361 Both
504 4314 546 4359 the
562 4313 669 4359 nameus
684 4313 725 4359 the
743 4326 824 4373 prose·
857 4313 934 4375 guilty
942 4312 1120 4369 ol⁴cslnmnia,'
1128 4314 1216 4361 iocoue
1223 4314 1440 4361 definitionisthis:

244 4382 313 4425 cutcr
324 4378 450 4425 Cluentius
461 4377 508 4423 and
522 4377 550 4424 oi
564 4376 607 4423 the
623 4377 723 4423 occu-eo
737 4376 827 4439 Oppia·
861 4378 1027 4424 “Calumniari
1054 4384 1090 4424 est
1116 4376 1175 4425 falsa
1197 4380 1296 4427 crimina
1317 4379 1442 4427 hitendere

244 4442 312 4489 nicus
333 4456 394 4489 uere
412 4456 444 4489 on
461 4442 504 4488 the
525 4441 606 4503 pubhc
626 4441 728 4487 recorda.
763 4438 827 4487 Both
860 4440 927 4503 (Dig.
940 4444 979 4489 48.
992 4440 1080 4504 16.1);
1098 4443 1261 4502 praevaricari,
1278 4458 1333 4491 rere
1342 4444 1442 4491 emmim

243 4507 332 4567 partica
342 4522 403 4555 uere
414 4506 469 4553 held
480 4504 527 4553 fast
537 4506 618 4553 there:
635 4504 677 4552 the
688 4506 773 4566 charge
780 4518 828 4551 uas
859 4505 1017 4562 abscondam
1037 4507 1193 4567 tergircrmd,
1212 4508 1237 4555 in
1256 4509 1393 4557 universum
1410 4506 1441 4556 ab

243 4570 365 4629 recorded,
377 4572 424 4619 and
433 4572 475 4619 the
485 4584 567 4619 nemea
578 4570 606 4617 oi
613 4569 656 4617 the
665 4584 764 4619 eccum
779 4569 827 4616 and
858 4570 1009 4618 maone
1019 4570 1159 4619 desistcrs.”
