3517 5325
594 527 771 594 ΗΑΒΙΤΟ
796 527 900 596 ΟΑΡ.
923 533 1059 597 28-30.
1360 530 1423 594 325

227 701 349 765 factum
363 719 441 778 esse,
463 699 547 784 qnod
569 700 727 764 hominem
749 707 872 778 norant,
886 700 1084 786 judicabant.
1129 695 1248 762 Similis
1261 696 1295 761 in
1310 696 1424 778 Bulbo,

228 799 260 862 in
276 799 388 874 Gutta,
403 797 435 860 in
450 797 521 860 aliis
535 797 692 862 nonnullis
713 799 850 885 suspicio
873 798 1079 884 consistebat.
1125 795 1240 881 ltaque
1262 795 1424 874 confiteor,

227 892 303 956 lieet
317 892 402 955 enirn
421 892 490 974 jam
511 891 638 976 impune
659 891 720 956 hoc
735 893 924 979 praesertim
943 893 975 955 in
992 892 1062 956 loco
1080 889 1236 978 cqnliteri,
1252 891 1337 974 quod
1356 891 1422 975 Op·

227 989 342 1076 pianici
356 1011 420 1052 non
441 989 536 1052 modo
555 989 629 1065 vita,
645 990 701 1054 sed
719 989 817 1054 etiam
839 1012 954 1055 nomen
973 998 1050 1054 ante
1070 989 1150 1053 illud
1169 996 1295 1073 tempus
1308 989 1425 1074 populo

227 1087 372 1173 ignotum
402 1087 525 1163 fuisset,
563 1086 816 1172 indignissimum
852 1109 948 1174 porro
981 1087 1142 1174 videretur
1177 1085 1426 1150 circumventum

228 1206 298 1248 esse
315 1185 515 1248 innocentem
530 1185 671 1268 pecunia,
689 1186 770 1250 hanc
785 1185 899 1250 deinde
917 1185 1128 1272 suspicionem
1150 1190 1283 1270 augeret
1304 1183 1426 1249 Staieni

228 1281 415 1367 improbitas
434 1289 468 1345 et
487 1283 707 1347 nonnullorum
728 1285 798 1368 ejus
817 1283 967 1347 similium
986 1284 1130 1368 judicum
1145 1282 1318 1368 turpitudo,
1336 1303 1425 1345 caus·

228 1401 297 1444 sam
316 1388 423 1444 autem
437 1385 548 1462 ageret
565 1379 602 1442 L.
619 1380 777 1461 Quintius,
794 1383 889 1446 homo
905 1403 1001 1466 quum
1023 1402 1146 1443 summa
1160 1385 1323 1465 potestate
1336 1399 1425 1464 prae·

229 1477 325 1554 ditus,
348 1487 417 1541 tum
443 1478 484 1542 ad
503 1476 743 1542 inflammandos
762 1478 886 1543 animos
909 1477 1120 1542 multitudinis
1143 1476 1422 1548 accommodatus;

228 1595 382 1638 summam
397 1573 441 1638 illi
462 1574 581 1659 judicio
601 1575 749 1639 invidiam
766 1575 990 1661 infamiamque
1004 1597 1075 1638 esse
1089 1573 1269 1639 conflatam.
1314 1573 1426 1658 Atque

228 1672 261 1736 in
290 1673 372 1736 hanc
401 1673 558 1736 flammam
587 1681 749 1738 recentem
775 1680 845 1739 tum
871 1673 908 1738 O.
928 1673 1071 1750 Junium,
1099 1673 1152 1759 qui
1178 1671 1222 1736 illi
1247 1670 1426 1757 quaestioni

227 1772 416 1857 praefuerat,
448 1771 601 1856 injectum
626 1793 696 1836 esse
720 1773 857 1852 memini,
882 1781 918 1838 et
940 1772 1027 1836 illum
1048 1770 1209 1835 bonrinem
1233 1770 1423 1842 aedilicium,

224 1870 292 1954 jam
317 1877 497 1954 praetorem
520 1869 719 1956 opinionibus
743 1871 905 1935 hominum
927 1871 1150 1945 constitutum,
1176 1891 1240 1932 non
1263 1867 1424 1953 discepta-

228 1965 316 2031 tione
342 1967 465 2032 dicendi
495 1968 552 2032 sed
580 1967 716 2032 clamore
746 1969 785 2032 de
810 1969 878 2034 foro
901 1976 1000 2056 atque
1023 1969 1105 2032 adeo
1129 1967 1169 2031 de
1194 1966 1329 2031 civitate
1355 1986 1425 2030 esse

229 2064 399 2129 sublatum.

273 2159 384 2245 Neque
405 2181 456 2224 me
478 2162 621 2247 poenitet
640 2163 700 2228 hoc
723 2169 867 2250 tempore
890 2165 998 2251 potius
1023 2186 1119 2250 quam
1137 2163 1191 2228 illo
1214 2185 1359 2228 caussam
1380 2161 1423 2223 A.

230 2257 366 2323 Cluentii
386 2258 562 2324 defendere.
608 2259 729 2325 Oaussa
750 2263 834 2326 enim
847 2269 957 2327 manet
971 2263 1091 2340 eadem,
1102 2282 1182 2346 quae
1200 2260 1319 2324 mutari
1338 2258 1425 2322 nullo

228 2356 322 2419 modo
337 2363 454 2441 potest,
472 2357 624 2443 temporis
645 2358 794 2443 iniquitas
813 2367 910 2444 atque
929 2359 1045 2423 invidia
1066 2357 1208 2432 recessit
1223 2363 1261 2419 ut
1282 2356 1367 2440 quod
1389 2355 1423 2417 in

227 2459 371 2540 tempore
396 2455 470 2518 mali
498 2455 560 2519 fuit
588 2455 665 2518 nihil
693 2455 787 2532 obsit,
818 2457 904 2541 quod
932 2457 965 2520 in
993 2477 1107 2519 caussa
1128 2453 1203 2517 boni
1226 2453 1289 2516 fuit
1313 2451 1425 2537 prosit.

197 2553 201 2562 ’
230 2550 344 2637 Itaque
359 2573 443 2616 nunc
457 2552 720 2636 quemadmodum
734 2552 846 2615 audiar
859 2551 973 2630 sentio,
989 2573 1054 2614 non
1067 2551 1161 2614 modo
1182 2551 1224 2614 ab
1238 2550 1277 2612 iis
1291 2569 1424 2634 quorum

225 2649 380 2733 judicium
408 2670 446 2712 ac
468 2655 614 2733 potestas
635 2655 696 2725 est,
725 2649 783 2713 sed
805 2647 903 2712 etiam
926 2649 967 2713 ab
990 2647 1050 2712 illis
1070 2670 1204 2733 quorum
1221 2651 1405 2711 tantumest

228 2745 432 2811 existimatio.
477 2746 526 2809 At
551 2754 620 2811 tum
643 2746 670 2810 si
693 2745 840 2821 dicerem,
861 2766 926 2809 uon
942 2745 1078 2822 audirer,
1095 2767 1159 2808 non
1181 2746 1266 2830 quod
1287 2745 1349 2808 alia
1371 2766 1423 2808 res

228 2850 322 2919 esset,
344 2841 439 2905 immo
459 2844 591 2919 eadem,
616 2843 672 2907 sed
690 2851 816 2928 tempus
837 2842 933 2908 aliud.
978 2844 1103 2906 XXX.
1128 2842 1167 2905 Id
1181 2844 1263 2907 adeo
1282 2842 1329 2905 sic
1351 2864 1424 2923 cog-

227 2939 360 3003 noscite.
407 2940 485 3021 Quis
514 2946 584 3003 tum
612 2941 746 3005 auderet
769 2940 875 3004 dicere
901 2947 1068 3005 nocentem
1086 2940 1332 3004 condemnatum
1352 2960 1423 3003 esse

229 3036 458 3123 Oppianicum?
480 3037 551 3123 quis
572 3058 655 3101 nunc
674 3038 772 3102 audet
786 3039 923 3123 negare!
969 3038 1047 3118 Quis
1071 3044 1142 3102 tum
1164 3045 1273 3123 posset
1291 3058 1426 3122 arguere

227 3136 269 3198 ab
284 3134 461 3219 Oppianico
476 3142 636 3199 tentatum
651 3157 721 3200 esse
733 3135 887 3220 judicium
903 3135 1057 3220 pecuniss
1078 3134 1149 3221 quis
1160 3136 1194 3198 id
1208 3136 1269 3199 hoc
1282 3142 1427 3220 tempore

228 3232 356 3297 infitiari
371 3235 501 3317 potest?
546 3232 604 3297 Oui
619 3240 689 3298 tum
708 3232 818 3297 liceret
834 3233 959 3310 docere,
977 3232 1187 3318 Oppianicum
1201 3254 1291 3295 reum
1304 3231 1426 3295 factum

229 3350 298 3394 esse
312 3338 381 3393 tum
396 3330 531 3415 denique
546 3352 643 3415 quum
657 3330 781 3395 duobus
798 3330 952 3416 proximis
972 3329 1176 3415 praejudiciis
1198 3328 1427 3392 condemnatus

229 3429 333 3491 essetf
356 3426 426 3511 quis
454 3438 505 3491 est
531 3427 639 3512 quiid
665 3428 726 3491 hoc
749 3434 895 3514 tempore
917 3426 1077 3491 infirmare
1104 3427 1256 3491 coneturl
1309 3425 1424 3506 Quare,

228 3524 344 3589 invidia
372 3532 495 3589 remota
524 3548 619 3610 quam
645 3524 713 3589 dies
742 3525 912 3611 mitigavit,
943 3525 1046 3590 oratio
1075 3546 1147 3588 mea
1170 3524 1341 3610 deprecata
1363 3529 1425 3598 est,

227 3628 335 3685 vestra
348 3620 428 3683 fides
441 3628 539 3705 atque
553 3621 699 3707 aequitas
712 3642 732 3685 a
746 3622 889 3687 veritatis
904 3621 1135 3707 disceptatione
1146 3620 1267 3706 rejecit,
1284 3618 1360 3705 quid
1374 3625 1426 3683 est

228 3722 393 3800 praeterea
408 3718 491 3800 quod
505 3716 536 3779 in
552 3740 664 3781 caussa
679 3718 899 3803 relinquatur?

273 3808 446 3874 Versatam
467 3832 537 3875 esse
553 3813 584 3875 in
601 3814 722 3897 judicio
744 3814 912 3898 pecuniam
934 3821 1082 3879 constat:
1106 3834 1145 3877 ea
1161 3813 1323 3898 quaeritur
1343 3812 1428 3875 unde

228 3906 372 3993 profecta
399 3906 452 3986 sit,
482 3908 524 3971 ab
553 3918 739 3973 accusatore
768 3932 809 3973 an
837 3910 879 3971 ab
908 3932 973 3973 reo.
1018 3910 1200 3974 Accusator
1223 3908 1302 3972 dicit
1326 3908 1426 3973 haear

231 4004 384 4079 Primum,
413 4004 608 4087 gravissimis
636 4006 819 4070 criminibus
847 4008 1039 4069 accusabam
1063 4015 1101 4071 ιιι
1128 4004 1206 4068 nihil
1235 4026 1314 4089 opus
1342 4011 1430 4069 esset

229 4100 381 4187 pecunia;
421 4100 544 4181 deinde,
576 4102 821 4166 condemnatum
849 4103 1048 4167 adducebam
1073 4110 1111 4167 ιιι
1131 4124 1172 4165 ne
1196 4102 1274 4187 eripi
1300 4102 1427 4188 quidem

261 4334 523 4397 29.clamoredesorc]
534 4331 811 4391 neratd‘hominum:
843 4332 876 4395 by
894 4350 910 4382 a
925 4333 971 4383 fair
985 4334 1033 4383 md
1053 4336 1148 4397 regular
1163 4336 1325 4385 mmimtion
1342 4334 1371 4383 of
1383 4336 1426 4384 tha

228 4402 306 4450 which
324 4402 345 4448 is
364 4401 483 4462 generally
499 4404 544 4462 put
562 4399 623 4447 aster
640 4397 811 4455 ‘clamomssir
843 4404 939 4457 matter,
952 4400 1017 4447 oria
1032 4399 1103 4448 other
1117 4400 1248 4463 words,by
1266 4416 1281 4448 a
1299 4400 1361 4449 trial.
1395 4400 1425 4447 ln

228 4466 329 4514 cmiaad
339 4465 371 4527 by
378 4465 477 4514 Clusan
487 4464 535 4512 and
543 4464 630 4520 Baiter,
638 4477 670 4510 cn
677 4462 810 4510 theautlro-
841 4463 885 4510 the
895 4468 954 4511 next
964 4464 1062 4528 chapter
1071 4464 1169 4515 thuein
1181 4471 1210 4514 ‘a
1219 4465 1325 4515 veritati,
1334 4465 1425 4527 ffisoep.

228 4530 276 4591 rity
297 4530 325 4577 of
344 4530 368 4578 S.
388 4530 432 4588 T.;
459 4528 507 4577 and
526 4528 628 4591 perhaps
649 4528 669 4575 it
690 4527 711 4575 ia
732 4526 811 4574 better
841 4526 952 4577 tatioaa’

228 4594 336 4643 omibed.
369 4594 422 4643 'l'he
438 4592 592 4657 ‘disceptabo
610 4589 811 4641 dicendi'means
