3517 5325
609 501 789 570 ΗΑΒῙΤΟ
812 503 915 572 OAP.
939 505 989 586 61,
1014 507 1066 572 62.
1381 509 1444 574 365

243 671 449 758 quamobrem
464 669 496 734 id
511 670 605 735 vellet
620 671 764 738 inimicus
779 673 893 740 offerre
907 676 992 762 quod
1006 676 1073 763 ipse
1088 676 1149 742 sibi
1165 684 1278 763 optare
1296 679 1448 744 deberet!

243 771 327 834 Nam
353 789 436 832 nunc
460 768 588 852 quidem
614 769 689 854 quid
709 772 838 836 tandem
864 772 908 838 illi
933 774 1007 838 mali
1030 797 1117 838 mors
1136 775 1269 840 attulit!
1290 775 1352 839 nisi
1366 776 1448 841 forts

242 868 359 954 ineptis
373 866 487 932 fabulis
502 867 646 932 ducimur
660 875 699 934 ut
713 868 931 935 existimemus
945 871 1033 936 illum
1046 873 1131 958 apud
1146 872 1265 936 inferos
1279 872 1448 958 impiorum

242 964 396 1050 supplicia
410 964 557 1049 perferre,
576 986 615 1029 ac
631 966 737 1050 plures
762 967 825 1032 illic
850 969 1018 1034 offendisse
1042 969 1185 1034 inimicos
1200 992 1296 1054 quam
1310 971 1362 1036 hic
1377 972 1449 1034 reli·

244 1062 372 1146 quisse;
397 1083 417 1125 a
442 1083 561 1141 socrus,
577 1061 619 1126 ab
642 1085 787 1140 uxorum,
813 1086 834 1128 a
856 1065 974 1146 fratris,
1001 1089 1022 1130 a
1043 1067 1179 1131 liberum
1204 1067 1315 1152 poenis
1337 1075 1449 1133 actum

244 1180 314 1222 esse
339 1159 546 1244 praecipitem
572 1158 605 1223 in
630 1160 857 1226 sceleratorum
887 1164 995 1228 sedem
1022 1186 1061 1229 ac
1087 1165 1259 1249 regionem.
1306 1165 1394 1246 Quae
1420 1164 1448 1228 si

243 1256 325 1320 salsa
349 1263 433 1334 sunt,
450 1256 482 1321 id
505 1257 590 1342 quod
613 1279 723 1323 omnes
745 1259 935 1345 intelligrmt,
952 1261 1029 1347 quid
1050 1261 1079 1326 ei
1103 1263 1233 1328 tandem
1256 1262 1343 1327 aliud
1362 1284 1448 1328 mors

245 1353 361 1439 eripuit
397 1359 523 1438 praeter
560 1375 687 1418 sensum
721 1357 857 1421 doloris?
903 1357 1019 1422 LXII.
1043 1359 1118 1444 Age
1147 1381 1231 1437 vero,
1266 1381 1324 1445 per
1352 1382 1448 1446 quem

244 1473 400 1515 venenum
434 1452 563 1516 datum!
594 1475 650 1538 per
682 1454 731 1518 M.
762 1455 929 1520 Asellium.
975 1456 1059 1536 Quid
1091 1457 1166 1522 huic
1199 1479 1272 1522 cum
1302 1458 1448 1524 Habitot

246 1547 351 1623 Nihil;
379 1557 477 1636 atque
502 1550 593 1626 adeo,
619 1552 705 1636 quod
730 1551 781 1616 ille
808 1552 984 1639 Oppianico
1009 1555 1252 1620 familiarissime
1280 1563 1332 1620 est
1361 1579 1446 1634 usus,

244 1647 353 1732 potius
374 1648 472 1712 etiam
492 1648 646 1714 simultas.
692 1649 774 1713 Eine
800 1650 900 1736 igitur
914 1673 1008 1737 quem
1028 1652 1089 1716 sibi
1105 1652 1313 1732 offensiorem,
1331 1653 1448 1738 Oppia-

244 1744 317 1809 nico
354 1744 629 1810 familiarissimum
661 1747 784 1812 sciebat
822 1771 902 1826 esse,
931 1747 1131 1833 potissimum
1154 1756 1189 1814 et
1221 1751 1325 1814 scelus
1356 1772 1449 1814 suum

244 1849 278 1906 et
301 1843 384 1908 illius
403 1843 576 1928 periculum
595 1844 836 1910 committebat!
891 1844 956 1910 Gur
978 1847 1078 1932 igitur
1099 1855 1147 1924 tu,
1173 1847 1227 1933 qui
1255 1847 1376 1934 pietate
1405 1849 1448 1913 ad

244 1942 458 2006 accusandum
488 1941 648 2006 excitatus
684 1963 728 2020 es,
765 1943 849 2008 hunc
880 1943 1036 2008 Asellium
1065 1967 1135 2009 esse
1161 1945 1298 2010 inultum
1326 1945 1449 2011 tamdiu

245 2037 348 2102 sinis!
391 2061 449 2104 cur
484 2062 548 2104 non
590 2040 704 2106 Habiti
741 2041 886 2128 exemplo
922 2063 1000 2106 usus
1038 2064 1073 2107 es
1105 2049 1143 2108 ut
1178 2065 1234 2128 per
1270 2043 1358 2108 illum
1394 2042 1449 2130 qui

245 2136 408 2202 attulisset
438 2159 592 2202 venenum
630 2140 670 2203 de
706 2139 768 2204 hoc
803 2141 1102 2226 praejudicareturi
1145 2140 1223 2205 Jam
1259 2163 1334 2206 vero
1371 2141 1449 2204 illud

245 2255 341 2319 quam
369 2257 432 2299 non
461 2236 633 2321 probabile,
664 2257 759 2321 quam
794 2237 991 2316 inusitatum,
1018 2239 1153 2322 judices,
1192 2261 1285 2324 quam
1321 2259 1448 2314 novum,

244 2331 277 2395 in
307 2355 387 2417 pane
420 2333 531 2398 datum
556 2335 737 2398 venenum?
790 2334 971 2400 Faciliusue
1007 2336 1112 2420 potuit
1144 2357 1240 2420 quam
1261 2335 1294 2398 in
1315 2335 1450 2420 poculo!

242 2429 339 2495 latius
376 2431 482 2516 potuit
517 2430 661 2495 abditum
697 2430 803 2516 aliqua
847 2432 880 2495 in
910 2438 1001 2518 parte
1029 2432 1120 2517 panis
1151 2453 1247 2516 quam
1279 2431 1307 2495 si
1342 2439 1449 2496 totum

275 2637 477 2702 iaepttrscbulis]
495 2638 549 2689 'iba
564 2641 645 2689 oraim
660 2638 765 2689 declaras
776 2639 830 2689 that
861 2654 916 2689 rum
932 2639 1007 2689 luisse
1023 2642 1066 2688 sut
1084 2639 1235 2689 Chimaenm
1248 2640 1335 2702 putat?
1358 2654 1449 2704 quaeve

244 2719 314 2765 every
325 2704 388 2767 body
404 2704 486 2752 kuovvs
496 2704 550 2752 that
560 2705 591 2753 all
604 2706 647 2752 tho
662 2704 829 2767 punishments
861 2720 922 2753 anus
942 2711 993 2753 tam
1010 2720 1094 2753 exoms
1110 2705 1211 2752 inveniri
1229 2710 1309 2767 potest
1325 2721 1387 2769 quae
1408 2706 1450 2754 illa

243 2770 305 2817 aller
315 2768 387 2816 death
397 2768 475 2816 which
486 2768 528 2816 the
539 2774 607 2831 poeta
624 2770 671 2817 sud
686 2768 728 2817 the
744 2770 830 2831 people
862 2785 924 2833 quse
945 2769 1066 2832 quondam
1083 2769 1241 2817 aedebantur
1270 2770 1333 2831 apud
1361 2770 1449 2819 inferos

244 2832 453 2895 speakaboutare
469 2832 565 2881 auidis
581 2838 654 2896 story.
690 2834 729 2881 He
744 2834 829 2896 speaks
862 2839 975 2897 portenta
1003 2834 1159 2881 extimescat?
1203 2834 1352 2896 Opiuiouum
1382 2836 1447 2883 enim

243 2898 309 2955 here,
328 2914 355 2945 as
373 2898 440 2945 iihe
458 2896 574 2946 admitted
590 2913 622 2945 no
633 2899 753 2946 existence
769 2898 830 2946 aiter
862 2904 998 2947 commenta
1015 2898 1079 2946 delet
1097 2898 1156 2956 dies,
1171 2903 1271 2946 naturae
1284 2898 1375 2960 judicia
1390 2914 1448 2947 con-

243 2961 325 3019 death‚
336 2962 429 3024 though
439 2962 680 3020 luteriulifchehad,
692 2978 720 3011 or
730 2962 831 3011 affected
863 2964 952 3011 mmet.
986 2964 1073 3025 ltaque
1089 2968 1114 3010 et
1131 2963 1156 3010 in
1173 2968 1257 3010 nostro
1273 2964 1364 3025 populo
1380 2965 1448 3011 etin

243 3032 270 3075 to
291 3027 359 3083 have,
382 3028 484 3075 another
504 3028 611 3089 opinion.
646 3028 695 3088 (De
716 3028 780 3084 Seu,
792 3028 830 3075 De
863 3028 948 3077 ceteris
963 3028 1062 3075 deorum
1079 3028 1158 3075 cultus
1174 3028 1365 3090 religionumque
1380 3044 1449 3076 sauc-

244 3090 312 3157 Δια.)
339 3092 432 3154 Sylvius
447 3092 553 3141 remarks
564 3092 617 3139 that
628 3092 703 3139 thiais
714 3108 729 3138 a
739 3093 830 3140 wicked
862 3093 944 3141 titates
960 3093 1078 3141 exsistunt
1093 3092 1119 3139 in
1131 3092 1182 3139 dies
1200 3092 1302 3153 majores
1312 3098 1384 3155 atque
1397 3108 1448 3141 me-

244 3156 381 3218 opiniones
395 3156 487 3214 Cicero,
500 3162 526 3204 to
543 3156 606 3219 deny
622 3158 664 3204 the
675 3158 795 3206 ennenoe
805 3157 833 3205 ol
862 3156 960 3205 liorea”
993 3156 1053 3205 This
1068 3158 1090 3203 is
1103 3172 1119 3204 s
1129 3157 1223 3204 euricus
1239 3172 1338 3219 passage
1355 3172 1387 3205 ou
1404 3158 1448 3205 the

243 3220 387 3279 thelnl'eri3
404 3221 500 3283 equally
510 3220 600 3269 wicked
618 3222 638 3268 is
654 3221 674 3269 it
690 3222 748 3279 also,
765 3222 787 3268 il
799 3222 830 3269 he
862 3222 937 3285 decay
947 3222 975 3270 oi
983 3222 1137 3283 superstition
1148 3222 1174 3268 iu
1182 3220 1287 3269 Cicero's
1298 3222 1364 3269 time.
1398 3222 1448 3269 But

243 3285 447 3348 intendstodeny
459 3286 501 3333 the
512 3286 667 3348 immortality
678 3286 707 3333 ol
714 3286 757 3333 the
768 3286 829 3333 soul.
861 3286 884 3335 is
902 3287 922 3334 it
943 3286 1037 3349 decays,
1056 3286 1077 3333 it
1097 3287 1187 3333 revives
1206 3286 1232 3333 iu
1254 3286 1355 3333 another
1376 3286 1447 3335 form.

243 3348 274 3397 Iu
285 3350 327 3399 the
338 3352 424 3413 speech
438 3350 515 3398 vhieh
532 3351 620 3399 Caesar
638 3350 720 3398 makes
736 3352 761 3398 in
779 3350 829 3397 Sal·
861 3350 922 3399 'I'uis
940 3352 961 3399 is
977 3351 1020 3398 the
1038 3351 1131 3413 history
1147 3350 1175 3397 oi
1190 3351 1352 3411 superstition.
1385 3350 1449 3399 “La

243 3414 292 3461 lust
310 3416 360 3477 (De
379 3415 449 3463 Catil.
468 3415 572 3475 Conjx.
590 3412 633 3479 tl)
651 3415 683 3463 he
699 3430 753 3478 says
765 3416 830 3463 what
861 3417 1017 3477 superstition
1032 3413 1238 3476 estklareligion
1250 3430 1277 3463 oe
1288 3430 1335 3478 que
1351 3414 1447 3463 l’astro·

242 3478 325 3527 Cicero
344 3495 398 3541 says
419 3480 491 3527 here:
521 3480 583 3528 “De
604 3494 681 3542 poena
702 3495 828 3542 posmmm
861 3480 924 3542 logie
940 3486 977 3528 eet
996 3478 1011 3527 i
1027 3479 1197 3537 l’astrunomie‚
1215 3480 1239 3526 la
1256 3480 1306 3527 lille
1322 3478 1372 3528 trds
1391 3480 1448 3528 iolla

242 3544 353 3605 equidem
381 3545 459 3592 dicere
480 3544 505 3591 id
530 3545 594 3607 quod
619 3559 657 3591 res
680 3544 766 3602 habet;
802 3544 828 3592 in
861 3542 1011 3593 d'unemere
1026 3542 1076 3592 trba
1093 3560 1156 3605 sago.
1189 3544 1237 3592 Ces
1252 3544 1315 3592 deux
1331 3546 1393 3593 filles
1403 3550 1448 3593 ont

241 3607 308 3655 luctu
324 3613 397 3669 atque
414 3608 514 3656 miseriis
536 3614 638 3656 mortem
660 3624 827 3657 aerumnarum
860 3610 1008 3672 long-temps
1019 3608 1138 3671 subjugue
1153 3614 1222 3657 toute
1238 3608 1262 3656 la
1277 3608 1366 3657 terre”
1378 3609 1447 3673 (Vol-

241 3672 418 3733 requiemnon
437 3672 567 3721 uariatum
587 3688 652 3730 ωας
670 3688 724 3721 eam
741 3678 828 3721 cuncta
859 3675 941 3732 taire).

242 3736 379 3782 mortalium
406 3737 469 3784 mala
496 3736 636 3793 dissolvam
663 3738 727 3784 ultra
747 3752 826 3798 neque
890 3740 1016 3799 dantque
1024 3736 1447 3799 adeo,]Tbisisnotanunoummon

312 3879 339 3911 se
440 3880 455 3911 a
613 3879 691 3911 mu.
765 3880 780 3911 a
867 3869 1140 3913 ormoevoz‘
1325 3878 1364 3910 ar

240 3928 828 4054 scitissime
858 3927 1447 4053 uidistis

241 4056 401 4119 intelligam,
424 4055 507 4104 Cicero
528 4056 635 4103 remarks
662 4056 715 4103 that
738 4056 760 4105 if
778 4056 826 4103 this
859 4054 1446 4103 wasevenrathersomeillvrillbetvveenthem.”

241 4122 316 4169 belief
330 4120 376 4168 had
395 4126 439 4169 not
456 4120 517 4168 been
536 4120 689 4181 firm1yfixed
706 4120 731 4167 in
749 4120 827 4168 meu’s
860 4120 906 4168 See
917 4120 970 4167 Vol.
983 4120 1004 4167 1.
1016 4120 1084 4167 Verr.
1097 4118 1182 4165 Index.

241 4186 328 4243 minda,
339 4186 359 4233 it
371 4185 440 4233 could
453 4191 497 4232 not
508 4184 567 4231 have
583 4198 664 4245 grown
681 4189 790 4245 stronger
800 4184 825 4231 in
887 4184 1135 4245 praejudicareturl]
1152 4182 1212 4230 This
1222 4182 1266 4229 bas
1277 4182 1337 4230 been
1349 4198 1376 4231 sc
1386 4182 1447 4230 used

240 4252 283 4299 the
297 4264 380 4297 course
391 4250 419 4297 of
433 4250 500 4307 time,
517 4264 562 4295 nor
578 4249 646 4297 could
663 4248 682 4295 it
694 4248 755 4295 have
770 4263 825 4295 con-
858 4249 948 4296 before.
990 4248 1079 4309 “Why
1099 4246 1141 4294 did
1168 4261 1215 4309 you
1236 4252 1281 4295 not
1302 4246 1382 4294 follow
1403 4248 1447 4295 the

240 4316 323 4363 tinued
347 4320 372 4362 to
389 4315 451 4362 exist
467 4312 571 4375 through
588 4314 620 4360 all
636 4314 787 4375 generations
804 4312 832 4359 oi
861 4312 970 4376 example
988 4313 1014 4360 ol
1030 4312 1142 4370 Habitus,
1160 4312 1214 4359 that
1231 4312 1264 4373 by
1274 4311 1386 4374 bringing
1403 4312 1446 4359 the

240 4395 304 4427 men.
339 4378 378 4427 lle
389 4377 590 4440 addsasaprool
605 4378 688 4425 cithia
703 4378 745 4425 the
755 4377 829 4439 decay
861 4392 918 4424 man
940 4383 966 4425 to
988 4377 1042 4425 hial
1063 4376 1117 4423 who
1138 4390 1197 4438 gave
1218 4376 1259 4423 the
1280 4377 1374 4437 poison,
1396 4392 1445 4439 you

241 4444 269 4491 ol
286 4445 453 4506 superstitious
472 4442 557 4491 belief:
584 4442 707 4491 “Etenim
726 4441 828 4489 vidimus
860 4442 939 4503 might
959 4441 1074 4490 establish
1092 4456 1108 4489 a
1130 4440 1333 4504 ‘praejudicium'
1352 4442 1446 4504 agaim

240 4515 329 4556 ceteras
340 4510 464 4571 opiniones
475 4510 543 4555 fictae
550 4512 701 4570 etquevanas
708 4506 826 4553 diuturni·
860 4505 992 4555 Habitus.”

242 4577 292 4621 tete
307 4574 450 4623 extabuisse.
492 4572 553 4626 uuir
568 4574 633 4621 enim
646 4572 825 4635 Hippocentau·
892 4573 967 4621 lulius
984 4570 1081 4633 potuit]
1108 4567 1213 4631 Though
1236 4566 1339 4619 ‘latius'
1360 4568 1381 4618 is
1401 4570 1445 4618 the
