3517 5325
602 468 825 534 AMERINO
848 468 950 536 OAP.
973 472 1112 536 43-45.
1416 477 1458 539 9⁷

256 639 354 717 vobis,
367 637 502 725 judices,
519 643 557 702 ut
571 637 650 702 haec
664 661 767 724 pauca
781 661 861 724 quae
875 646 1000 706 restant
1014 640 1061 706 ita
1076 640 1212 706 audiatis
1226 647 1263 706 ut
1278 640 1395 726 partim
1409 665 1461 708 me

256 739 360 802 dicere
376 759 434 822 pro
454 759 506 800 rue
528 736 596 820 ipso
620 736 750 822 putetis,
771 736 889 822 partim
906 759 963 822 pro
991 738 1067 803 Sex.
1089 739 1218 804 Roscio.
1265 741 1354 821 Quae
1376 740 1460 803 enim

255 835 331 898 mihi
345 833 406 920 ipsi
422 832 551 918 indigua
565 842 600 896 et
619 833 830 898 intolerabilia
844 834 1001 912 videntur,
1024 858 1168 922 quaeque
1189 837 1230 900 ad
1256 857 1374 911 omues,
1398 835 1459 900 nisi

255 933 464 1018 providemus,
479 931 618 995 arbitror
632 934 799 1017 pertinere,
815 955 854 998 ea
874 955 931 1019 pro
946 955 996 998 me
1015 934 1083 1020 ipso
1107 959 1147 1000 ex
1166 937 1262 1000 animi
1282 937 1345 1000 mei
1363 959 1458 1000 sensu

255 1053 293 1095 ac
322 1030 430 1094 dolore
455 1029 635 1115 pronuntio.
696 1029 785 1109 Quae
814 1029 855 1094 ad
877 1030 972 1115 hujus
1001 1033 1086 1096 vitae
1116 1055 1223 1098 casum
1250 1055 1457 1119 caussamque

255 1128 436 1213 pertineant
449 1133 482 1190 et
496 1126 571 1211 quid
587 1125 638 1190 hic
654 1148 711 1211 pro
727 1149 762 1190 se
777 1128 840 1192 dici
854 1127 930 1192 velit
946 1135 979 1192 et
1000 1151 1063 1214 qua
1083 1131 1264 1194 conditione
1285 1139 1457 1196 contentus

255 1225 308 1300 sit,
320 1225 387 1309 jam
402 1224 434 1286 in
449 1230 592 1286 extrema
605 1223 749 1288 oratione
762 1231 882 1304 nostra,
902 1225 1036 1309 judices,
1054 1227 1200 1292 audietis.
1246 1227 1359 1291 XLV.
1383 1228 1456 1313 Ego

255 1324 332 1387 haec
360 1345 381 1386 a
410 1321 616 1406 Chrysogono
641 1343 712 1384 mea
739 1329 865 1407 sponte,
897 1329 1020 1386 remoto
1051 1323 1134 1387 Sex.
1158 1324 1285 1402 Roscio,
1318 1347 1452 1410 quaero:

254 1421 398 1505 primum,
413 1441 511 1504 quare
525 1417 602 1481 civis
621 1418 733 1503 optimi
752 1420 835 1484 bona
852 1419 1026 1484 venierint:
1052 1419 1176 1500 deinde,
1200 1441 1296 1505 quare
1319 1422 1455 1487 hominis

254 1518 333 1602 ejus,
349 1517 403 1602 qui
417 1537 520 1600 neque
533 1516 620 1600 apud
638 1516 836 1580 adversarios
851 1516 973 1580 occisus
995 1523 1054 1594 est,
1072 1517 1156 1582 bona
1176 1517 1340 1596 venierint,
1358 1541 1454 1604 quum

253 1615 286 1678 in
311 1636 366 1678 eos
394 1614 479 1678 solos
505 1613 558 1677 lex
582 1612 702 1698 scripta
730 1613 793 1678 sit:
826 1614 949 1692 deinde,
971 1636 1068 1699 quare
1096 1615 1257 1700 aliquanto
1287 1623 1361 1700 post
1383 1637 1454 1680 eam

254 1713 338 1774 diem
354 1711 516 1787 venierint,
533 1731 613 1795 quae
627 1711 695 1774 dies
710 1711 743 1774 iu
757 1711 827 1796 lege
840 1711 1008 1796 praefinita
1029 1719 1097 1776 est:
1123 1712 1237 1776 deinde
1252 1734 1309 1776 cur
1327 1713 1452 1777 tantulo

253 1808 416 1873 venierint.
462 1808 551 1888 Quae
565 1807 670 1872 omnia
686 1808 724 1884 si,
739 1809 1001 1894 quemadmodum
1018 1809 1121 1874 solent
1143 1809 1249 1874 liberti
1269 1831 1404 1894 nequam
1418 1817 1453 1875 et

253 1904 387 1990 improbi
412 1905 527 1981 tacere,
550 1905 584 1968 in
609 1912 776 1990 patronum
793 1928 886 1970 suum
905 1906 1039 1971 voluerit
1062 1906 1214 1984 conferre,
1236 1907 1313 1970 nihil
1339 1907 1450 1992 egerit.

253 2001 357 2066 Nemo
365 2011 416 2066 est
423 2003 507 2066 euim
516 2002 569 2087 qui
579 2002 701 2069 nesciat
708 2011 837 2089 propter
845 2005 1096 2090 magnitudinem
1108 2027 1213 2070 rerum
1222 2004 1322 2069 multa
1333 2005 1452 2068 multos

251 2101 368 2184 partim
383 2101 581 2186 imprudente
599 2099 635 2164 L.
653 2100 741 2166 Sulla
755 2101 961 2166 commisisse.
1006 2101 1119 2168 Placet
1132 2102 1231 2188 igitur
1245 2101 1277 2168 in
1293 2101 1344 2171 his
1356 2101 1452 2166 rebus

252 2197 369 2282 aliquid
383 2197 595 2282 imprudentia
608 2198 792 2283 praeteriri?
815 2221 878 2262 uon
893 2199 1007 2284 placet,
1020 2199 1154 2283 judices,
1171 2200 1227 2263 sed
1243 2220 1372 2262 necesse
1390 2206 1450 2262 est.

254 2293 383 2359 Etenim
397 2296 425 2359 si
446 2295 598 2380 Juppiter
616 2295 755 2380 optimus
776 2297 940 2375 maximuS,
965 2297 1057 2380 cujus
1078 2303 1158 2362 nutu
1178 2303 1212 2360 et
1226 2296 1358 2360 arbitrio
1381 2317 1450 2359 cae-

250 2391 324 2471 lum,
354 2400 441 2457 terra
465 2393 624 2477 mariaque
644 2400 807 2477 reguntur,
838 2413 934 2477 saepe
955 2393 1058 2458 ventis
1084 2391 1370 2457 vehementioribus
1392 2399 1450 2456 aut

250 2489 466 2554 immoderatis
482 2489 728 2574 tempestatibus
746 2502 805 2554 aut
823 2489 919 2552 nimio
935 2489 1038 2553 calore
1053 2495 1110 2552 aut
1130 2487 1318 2552 intolerabili
1332 2487 1450 2572 frigore

250 2586 428 2651 hominibus
457 2586 575 2659 nocuit,
605 2587 700 2648 urbes
729 2584 854 2663 delevit,
884 2585 993 2671 fruges
1022 2583 1179 2671 perdidit;
1216 2605 1348 2669 quorum
1373 2583 1450 2646 nihil

249 2685 380 2769 pernicii
402 2706 516 2747 caussa
538 2682 643 2747 divino
667 2682 806 2759 consilio,
832 2682 889 2745 sed
906 2683 937 2745 vi
962 2682 1031 2765 ipsa
1050 2688 1083 2745 et
1105 2681 1323 2766 magnitudine
1345 2703 1450 2744 rerum

247 2782 369 2845 lactum
384 2788 551 2863 putamus3
576 2786 739 2843 utcontra
760 2778 926 2841 commoda
939 2778 1053 2862 quibus
1070 2778 1188 2843 utimur
1208 2779 1371 2863 lucemque
1387 2798 1450 2861 qua

247 2877 390 2951 fruimur,
403 2876 609 2960 spiritumque
621 2896 714 2959 quem
730 2874 873 2939 ducimus
887 2876 927 2937 ab
943 2896 981 2937 eo
996 2875 1088 2939 nobis
1102 2875 1169 2938 dari
1184 2882 1280 2959 atque
1295 2874 1450 2960 impertiri

248 2974 411 3049 videmus;
437 2972 511 3057 quid
526 2973 676 3035 miramur
692 2969 731 3035 L.
747 2969 874 3049 Sullam,
891 2992 987 3055 quum
1004 2971 1090 3035 aolus
1108 2993 1174 3035 rem
1188 2971 1347 3057 publicam
1361 2994 1449 3057 rege

248 3078 300 3135 ret
322 3070 493 3155 orbemque
517 3075 675 3133 terrarum
696 3068 891 3153 gubernaret
914 3066 1097 3153 imperiique
1117 3070 1328 3153 majestatem,
1354 3091 1449 3154 quam

247 3167 344 3231 armis
374 3173 549 3251 receperat,
578 3164 702 3251 legibus
730 3164 941 3245 confirmaret,
972 3165 1079 3251 aliqua
1106 3165 1355 3231 animadvertere
1384 3187 1448 3231 nou

280 3404 312 3438 ac
333 3392 408 3438 asini
429 3391 478 3439 saci
497 3391 580 3453 ιιιιιιι]
616 3389 667 3438 ‘Et
686 3390 761 3439 animi
782 3390 830 3438 mei
861 3404 928 3438 soma
944 3389 1033 3451 things.
1067 3389 1114 3437 His
1129 3391 1445 3451 argumentsesmatore-

247 3454 336 3502 sensu!
355 3455 436 3503 Klotz.
861 3455 929 3517 quire
947 3455 998 3501 him
1017 3460 1044 3502 to
1063 3469 1104 3516 say
1123 3454 1177 3502 that
1196 3470 1267 3516 many
1287 3470 1387 3517 persons
1404 3454 1446 3501 did

279 3522 320 3565 45.
338 3522 380 3580 qut
396 3533 472 3581 seque
490 3520 558 3580 apud
567 3520 719 3567 maurim
766 3518 830 3566 Hor·
861 3534 934 3580 many
955 3519 1036 3580 things
1057 3518 1158 3565 without
1180 3518 1268 3566 Sulla's
1289 3518 1445 3579 knowledgey

247 3596 321 3629 mauu
331 3583 434 3631 inserted
447 3587 540 3645 ‘nequa
551 3582 708 3645 prosmiptus’
752 3587 830 3631 twaen
861 3583 910 3630 and
932 3582 1068 3631 Garatoni'a
1086 3582 1221 3644 conjecture
1246 3584 1299 3629 that
1328 3582 1444 3645 ‘partim'

248 3647 316 3707 ‘qui'
336 3647 383 3694 sud
406 3647 514 3709 ‘neque'
533 3648 635 3695 musa
652 3648 828 3708 somethingis
860 3646 1262 3710 shouldba¹privstim,'isworth
1273 3648 1359 3695 notice.
1393 3646 1446 3694 The

246 3711 359 3773 wanting,
380 3712 428 3759 and
450 3712 568 3760 Asconius
585 3710 681 3759 teaches
701 3712 752 3758 him
774 3710 829 3759 that
859 3711 925 3759 word
943 3712 1057 3773 ‘parurn'
1078 3712 1099 3758 is
1118 3712 1231 3772 certainly
1247 3726 1336 3771 wrong.
1370 3710 1446 3757 What

248 3776 353 3836 ‘nequa'
375 3776 397 3823 is
417 3776 504 3838 always
524 3776 634 3823 followed
656 3775 688 3836 by
706 3790 721 3821 a
742 3774 830 3823 second
861 3775 893 3822 ha
910 3790 963 3835 says
979 3774 1040 3821 atter
1056 3774 1134 3822 shows
1150 3774 1212 3821 this:
1232 3774 1335 3835 ‘ahquid
1354 3770 1445 3834 impl-u·

247 3840 533 3901 ‘neque,'whichisnot
542 3846 604 3888 trua
637 3838 830 3887 Allthaeditors
861 3838 1089 3899 dentuprueteriri!
1115 3838 1446 3898 ‘Placet'meana‘areyou

245 3903 299 3951 that
318 3904 416 3951 llruow
434 3904 462 3951 ot
475 3905 536 3952 hare
548 3905 661 3966 accepted
680 3903 828 3950 Hotmanu’a
860 3902 974 3949 satisfied’
987 3900 1168 3948 or‘eoutentl'

245 3967 422 4029 interpolation,
439 3974 466 4015 to
482 3969 567 4029 justify
577 3967 655 4015 which
671 3967 702 4014 ba
718 3966 828 4014 citestho
894 3966 993 4012 Etenim
1014 3965 1036 4011 ιι“
1059 3964 1296 4024 Juppiter-adeptu
1319 3976 1366 4009 non
1389 3962 1442 4024 rit]

246 4030 298 4079 Les
319 4031 350 4095 (c
363 4032 414 4095 43).
449 4033 504 4079 Itis
515 4032 618 4094 possible
629 4032 830 4091 thatsomethiug
861 4029 940 4077 Tbere
954 4042 994 4075 are
1010 4042 1083 4088 many
1094 4042 1204 4088 passages
1223 4026 1249 4073 in
1267 4026 1350 4073 Cicero
1366 4026 1445 4073 which

245 4095 267 4142 is
287 4097 349 4153 lost;
364 4097 412 4144 and
433 4112 470 4143 wa
491 4111 545 4157 may
562 4096 638 4142 admit
656 4096 710 4141 that
728 4096 830 4141 without
862 4094 923 4155 good
941 4097 1003 4141 tacte
1018 4096 1087 4138 turu
1098 4106 1164 4152 away
1175 4090 1244 4137 nom.
1279 4091 1329 4137 But
1345 4090 1357 4137 1
1374 4090 1445 4137 know

244 4162 363 4222 receiving
372 4167 421 4207 two
431 4161 541 4221 spurious
551 4160 627 4206 words
638 4160 689 4205 into
700 4158 741 4205 the
751 4163 811 4205 text.
861 4172 926 4205 none
936 4172 1011 4204 worse
1022 4156 1081 4202 than
1092 4155 1148 4201 this.

273 4224 541 4285 partimimprudentc]
560 4224 682 4270 Towhich
690 4222 828 4284 somebody,
889 4222 997 4284 pernicii
1008 4218 1104 4280 ιαιιιιι]
1129 4216 1329 4266 ThisisGellius'
1348 4218 1446 4279 reading

245 4288 266 4335 it
275 4290 296 4335 is
306 4295 351 4336 not
361 4290 450 4336 known
460 4288 521 4343 who,
533 4287 639 4349 prefixed
657 4286 759 4347 ‘partim
770 4302 828 4332 uon·
862 4285 906 4349 (ix.
921 4284 969 4349 14),
982 4284 1035 4331 who
1052 4298 1119 4344 says:
1138 4288 1153 4309 “
1163 4284 1197 4329 sic
1214 4287 1294 4329 autem
1311 4282 1362 4330 dr'es
1378 4284 1414 4329 dii
1430 4299 1445 4330 a

244 4352 633 4410 nivente,'aaitstaudsinsoma
643 4350 753 4396 editions.
777 4349 830 4397 Tha
861 4349 981 4397 veteribus
1000 4348 1145 4394 declinatum
1167 4352 1218 4403 est;
1235 4352 1263 4392 ut
1277 4346 1443 4407 sameasamr',

245 4418 360 4480 difficulty
370 4418 396 4465 in
416 4421 422 4445 ¹
432 4416 533 4479 partim’
553 4416 626 4463 isthc
635 4414 780 4475 imputatiou
796 4428 830 4459 on
860 4415 981 4474 pernicies
985 4412 1100 4473 peruicit,
1105 4412 1234 4473 progenies
1240 4413 1362 4472 proemii,
1370 4412 1445 4459 lucu.

245 4482 327 4539 Sulla3
343 4482 380 4529 for
387 4483 458 4530 when
469 4482 553 4530 Cicero
560 4495 614 4543 says
625 4478 727 4541 ‘partim
738 4478 829 4538 impru·
861 4479 911 4525 ries
922 4477 1026 4532 lmus,
1038 4476 1102 4523 acics
1113 4474 1188 4523 cett?

244 4546 333 4603 daute,’
354 4548 386 4594 ha
402 4547 507 4608 imputes
523 4552 550 4595 to
567 4546 634 4594 Bulla
651 4542 790 4603 knowledge
804 4541 832 4589 of
1149 4554 1151 4559 ·
