3517 5325
344 495 408 559 468
596 484 731 552 ORAT.
755 483 823 550 ΙΙΙ.
846 482 911 547 DE
936 481 1059 547 LEGE
1084 481 1299 546 AGRARIA

343 669 420 727 sunt
434 680 528 745 quam
542 679 644 721 serva.
689 657 802 744 Capite
815 656 876 719 hoc
897 653 1001 718 omnia
1016 675 1097 739 quae
1119 653 1299 718 serviebant
1321 674 1384 715 non
1399 650 1549 716 servient.

345 759 458 824 Soluta
473 755 601 819 meliore
623 755 656 817 in
680 776 793 819 caussa
818 761 896 817 aunt
919 774 1012 837 quam
1036 751 1194 836 obligata:
1219 752 1332 815 eodem
1352 750 1458 835 eapite
1473 749 1550 813 obli·

343 864 422 944 gata
436 854 541 918 omnia
555 853 582 916 si
593 854 686 917 modo
704 852 834 917 Sullana
844 859 921 915 sunt
934 850 1117 913 liberantur.
1165 848 1321 911 Immunia
1336 846 1550 911 commodiore

344 953 527 1019 conditione
542 958 617 1015 sunt
631 972 727 1035 quam
741 950 795 1013 illa
809 971 890 1034 quae
906 948 1088 1033 pensitant:
1113 968 1173 1031 ego
1191 945 1379 1010 Tusculanis
1393 966 1452 1030 pro
1466 965 1551 1028 aqua

345 1052 466 1117 Crabra
486 1048 624 1132 vectigal
647 1050 792 1134 pendam,
808 1046 883 1131 quia
904 1044 1060 1129 mancipio
1084 1044 1216 1122 fundum
1230 1042 1357 1127 accepi:
1383 1042 1410 1105 si
1425 1064 1446 1105 a
1461 1041 1550 1105 Sulla

343 1150 421 1214 mihi
436 1150 532 1213 datus
547 1154 640 1225 esset,
666 1146 751 1210 Rulli
773 1146 844 1231 lege
862 1166 926 1207 non
948 1144 1129 1229 penderem.
1176 1142 1243 1205 III.
1268 1142 1372 1205 Video
1388 1162 1454 1209 vos,
1473 1140 1550 1221 Qui-

343 1250 433 1326 rites,
449 1248 543 1312 sicuti
559 1268 611 1310 res
633 1246 702 1331 ipsa
725 1245 821 1331 cogit,
837 1243 1027 1307 commoveri
1043 1242 1091 1307 vel
1113 1242 1193 1327 legis
1208 1241 1257 1305 vel
1279 1239 1433 1304 orationis
1448 1240 1548 1323 impu-

344 1347 472 1411 dentia:
497 1346 584 1431 legis,
603 1367 684 1429 quae
706 1345 761 1428 jus
784 1342 897 1407 melius
924 1342 1061 1406 Sullanis
1086 1340 1223 1427 praediis
1249 1338 1428 1431 constituat
1454 1359 1551 1422 quam

343 1445 506 1532 paterniss
543 1443 705 1521 orationis,
730 1463 812 1527 quae
837 1440 992 1524 ejusmodi
1018 1461 1132 1504 caussa
1158 1436 1337 1501 insimulare
1359 1446 1550 1521 quemquam

344 1545 463 1608 audeat
485 1542 626 1606 rationes
651 1541 757 1605 Sulla'e
780 1538 912 1602 nimium
934 1537 1137 1602 vehementer
1160 1536 1339 1599 defendere.
1386 1535 1437 1596 Ac
1453 1533 1480 1596 si
1497 1532 1551 1596 illa

344 1642 447 1705 solum
465 1640 605 1704 sanciret
620 1662 701 1726 quae
715 1661 736 1703 a
752 1637 838 1701 Sulla
857 1643 965 1700 essent
980 1636 1056 1701 data
1071 1642 1220 1713 tacerem,
1236 1633 1330 1697 modo
1346 1631 1462 1716 ipsese
1479 1630 1549 1694 Sul·

344 1740 451 1802 lanum
465 1760 536 1801 esse
551 1738 766 1802 confiteretur.
813 1736 877 1799 Sed
903 1756 966 1798 non
990 1734 1083 1796 modo
1110 1732 1170 1796 illis
1196 1738 1296 1809 cavet,
1319 1730 1550 1795 verumetiam

346 1838 432 1901 aliud
456 1836 616 1920 quoddam
639 1858 741 1920 genus
765 1833 946 1898 donationis
968 1832 1110 1905 inducit3
1134 1838 1168 1895 et
1190 1830 1218 1895 is
1233 1830 1286 1915 qui
1300 1854 1320 1895 a
1334 1853 1385 1893 me
1402 1828 1550 1893 Sullanas

344 1932 561 2018 possessiones
575 1932 700 1995 defendi
716 1931 910 2007 criminatur,
928 1952 990 1993 non
1014 1951 1068 1993 eas
1093 1929 1195 1992 solum
1218 1928 1330 2004 sancit,
1347 1948 1454 1990 verum
1480 1926 1550 2010 ipse

343 2051 441 2093 novas
463 2029 697 2115 assignationes
724 2028 874 2103 institnit,
899 2035 933 2093 et
955 2027 1143 2113 repentinus
1167 2026 1254 2090 Sulla
1280 2026 1371 2089 nobis
1393 2026 1549 2088 exoritur.

348 2127 433 2191 Nam
448 2127 606 2192 attendite
622 2134 759 2211 quantas
773 2126 994 2190 concessiones
1008 2147 1157 2211 agrorum
1172 2124 1223 2187 hic
1238 2130 1347 2187 noster
1362 2123 1550 2207 objurgator

345 2248 409 2289 nno
425 2226 520 2289 verbo
542 2225 646 2288 facere
669 2229 820 2287 conetur:
846 2244 939 2291 Quas:
963 2244 1066 2300 narn,
1092 2243 1243 2298 conans,
1264 2241 1446 2295 concessi,
1465 2240 1549 2281 van-

346 2346 442 2388 um.
489 2322 619 2387 Patior:
652 2321 756 2384 audio.
802 2320 886 2401 Quid
913 2320 1047 2384 deinde?
1079 2332 1259 2383 rossessa,¹
1302 2318 1376 2381 Hoc
1403 2318 1549 2381 tribunus

347 2421 449 2508 plebis
478 2420 677 2506 promulgare
700 2439 797 2483 ausus
822 2426 884 2494 est,
909 2425 956 2497 ut,
984 2418 1069 2503 quod
1092 2417 1226 2503 quisque
1249 2423 1323 2501 post
1349 2414 1489 2478 Marium
1514 2422 1550 2479 et

348 2521 526 2584 Carbonem
541 2518 686 2581 consules
701 2517 851 2602 possidet,
875 2516 959 2579 ideo
976 2516 1049 2600 jure
1064 2522 1190 2579 teneret
1204 2536 1266 2599 qno
1282 2514 1334 2599 qui
1351 2515 1471 2599 optimo
1485 2513 1548 2598 pri-

346 2618 476 2682 vatum?
497 2615 635 2680 etiamne
658 2615 685 2679 si
700 2615 730 2678 vi
752 2613 868 2698 ejecit?
890 2612 1028 2677 etiamne
1052 2612 1191 2691 siclam,
1208 2612 1236 2677 si
1257 2611 1400 2698 precario
1416 2612 1549 2676 venitin

347 2715 599 2801 possessionem!
645 2713 734 2799 Ergo
763 2714 823 2776 hae
848 2712 919 2798 lege
943 2712 996 2796 jus
1021 2711 1120 2790 civile,
1148 2733 1278 2774 caussae
1304 2711 1546 2796 possessionum,

349 2821 530 2900 praetorum
546 2813 716 2878 interdicta
731 2811 892 2876 tollentur.
939 2809 1013 2872 Non
1027 2809 1195 2873 mediocris
1217 2831 1269 2872 res
1293 2831 1394 2894 neque
1417 2831 1547 2894 parvum

285 2952 287 2955 -
348 2913 408 2975 sub
430 2912 491 2975 hoe
506 2913 602 2975 verbo
624 2911 754 2987 lurtum,
775 2909 924 2990 Quirites
949 2908 1040 2972 latet.
1087 2907 1170 2972 Sunt
1190 2907 1272 2972 enim
1290 2907 1380 2971 multi
1395 2907 1464 2993 agri
1479 2907 1549 2992 lege

349 3009 495 3074 Cornelia
523 3007 686 3093 publicati,
717 3028 775 3070 nec
804 3005 949 3089 cuiquam
980 3003 1134 3091 assignati
1163 3027 1264 3090 neque
1294 3005 1423 3080 venditi,
1453 3005 1506 3090 qui
1529 3026 1550 3068 a

348 3107 458 3194 paucis
487 3107 665 3170 hominibus
694 3103 966 3190 impudentissime
996 3103 1206 3190 possidentur.
1267 3102 1330 3166 His
1358 3110 1459 3179 cavet,
1490 3102 1549 3166 bos

350 3279 404 3328 'l'be
414 3278 479 3325 word
494 3273 624 3337 ‘vectigal'
640 3290 723 3323 occurs
739 3275 764 3321 in
777 3273 819 3320 the
833 3274 934 3336 inamip-
966 3273 1057 3322 believe
1072 3273 1127 3322 that
1136 3275 1179 3323 the
1193 3275 1245 3323 Lex
1260 3275 1350 3324 altered
1366 3275 1408 3323 the
1424 3281 1510 3323 natme
1525 3274 1553 3322 ol

350 3345 403 3390 tion
414 3343 442 3388 ol
450 3341 582 3388 Venatmm
593 3341 618 3386 in
629 3340 744 3386 theaams
755 3340 932 3386 aenseaahere:
966 3339 1117 3402 possessiou;
1134 3339 1188 3387 that
1203 3355 1218 3387 a
1235 3355 1291 3388 man
1305 3340 1359 3387 who
1374 3341 1421 3388 had
1437 3346 1480 3402 got
1493 3353 1549 3401 poa·

352 3411 486 3466 “quaeque
501 3419 564 3464 aqua
574 3404 599 3450 in
615 3403 730 3465 oppidum
741 3402 933 3450 Venafranorum
967 3405 1056 3452 session
1067 3403 1096 3452 ol
1103 3420 1150 3466 any
1161 3405 1217 3452 land
1233 3405 1258 3452 in
1274 3421 1322 3466 any
1337 3420 1387 3466 way
1401 3405 1471 3452 could
1488 3405 1549 3467 keep

350 3471 371 3517 it
382 3470 436 3515 lluit
446 3468 548 3524 ducitur,
561 3482 613 3514 eam
628 3481 715 3528 equam
732 3467 873 3515 distribuam
884 3469 933 3514 dis-
966 3469 986 3516 it
1004 3469 1097 3530 against
1111 3469 1211 3516 another
1227 3484 1282 3516 rnen
1302 3469 1379 3518 under
1395 3471 1437 3517 the
1457 3470 1507 3517 hex
1524 3467 1552 3517 ol

351 3532 442 3582 cibare
457 3531 579 3579 vendundi
594 3537 719 3579 cansaaut
735 3531 758 3578 ei
774 3532 808 3578 rei
833 3533 934 3594 vectigal
968 3533 1062 3581 Rullus.
1095 3534 1148 3581 The
1161 3534 1210 3582 Lex
1222 3535 1251 3581 cl
1265 3535 1351 3582 Rullus
1366 3535 1445 3582 would
1456 3539 1550 3596 protect

351 3599 475 3659 imponere
485 3595 653 3644 constituere.”
677 3596 784 3644 SeeVol.
796 3597 817 3644 1.
829 3597 897 3644 Verr.
908 3597 932 3645 ii.
966 3599 1009 3645 the
1026 3613 1160 3660 possessore
1176 3599 1203 3645 ol
1217 3598 1298 3660 public
1308 3599 1373 3656 land,
1384 3599 1438 3646 vrbo
1450 3599 1497 3646 had
1507 3603 1549 3660 got

351 3665 375 3712 3.
387 3679 409 3710 c.
420 3663 461 3710 30.
966 3662 1023 3710 hold
1034 3663 1062 3710 ol
1069 3663 1089 3710 it
1099 3663 1201 3710 without
1211 3678 1257 3724 any
1265 3664 1334 3711 other
1345 3664 1397 3711 title
1408 3664 1549 3711 ιΙιαιοοοιι·

383 3730 440 3790 qau'a
461 3727 595 3790 maadps'o]
615 3725 746 3774 “Because
761 3725 878 3788 lbought
893 3727 936 3774 tbe
968 3728 1058 3788 pation.
1092 3727 1139 3774 We
1150 3728 1226 3789 might
1237 3728 1298 3775 inser
1313 3729 1367 3776 that
1383 3728 1425 3775 the
1442 3729 1492 3776 lex
1508 3728 1550 3776 did

350 3791 433 3840 land.'’
465 3793 501 3840 Aa
512 3790 831 3854 to‘mancipatio.’aeeVol.
842 3791 934 3839 LVsrr.
967 3792 1032 3848 thia;
1049 3791 1097 3839 and
1113 3791 1196 3840 Cicero
1207 3807 1261 3854 says
1271 3793 1325 3840 that
1340 3794 1360 3840 it
1370 3793 1418 3842 did.
1452 3793 1550 3841 Euthia

349 3859 375 3906 ii.
387 3861 411 3906 3.
423 3873 443 3905 e
456 3860 495 3912 40.
512 3863 576 3905 note.
610 3857 663 3904 The
681 3857 740 3904 falae
755 3856 853 3916 reading
864 3857 937 3918 ‘quia
968 3857 1117 3918 assumption
1136 3857 1190 3904 that
1206 3873 1254 3919 any
1269 3873 1392 3920 possessor
1410 3873 1458 3906 vves
1477 3863 1503 3906 to
1520 3857 1551 3905 bc

350 3922 523 4036 aava
659 3922 747 4034 na
758 3926 901 4033 erese
911 3920 939 3968 ..
968 3921 1550 4034 casamassancia

385 4053 408 4099 3.
424 4022 663 4112 pleae-constituat]
689 4051 818 4098 “Because
837 4050 857 4097 it
873 4053 935 4096 esta·
968 4001 1049 4107 cdrioss
1064 4051 1084 4097 is
1101 4001 1197 4098 absurgd.
1230 4051 1283 4098 The
1302 4001 1551 4100 llomanalmevrpths

352 4114 509 4162 bliahea.'’·-‘
517 4115 634 4176 ejusmodi
645 4130 728 4162 mussa
737 4114 753 4161 ι’
782 4115 849 4175 ‘ejus
870 4113 936 4161 modi
968 4113 1013 4162 law
1021 4115 1049 4161 ol
1057 4116 1191 4175 possession
1201 4116 1269 4172 well;
1286 4116 1333 4163 and
1345 4131 1379 4162 we
1391 4131 1445 4177 may
1454 4117 1552 4164 wonder

351 4180 377 4227 in
385 4179 472 4236 eauaa'
485 4179 573 4226 Baiter.
591 4186 597 4206 ⁴
607 4178 652 4226 Iu’
663 4181 684 4226 ia
694 4179 767 4226 notin
776 4178 819 4226 the
829 4178 936 4225 Maa-
968 4179 1022 4226 that
1033 4179 1115 4227 Cicero
1127 4181 1195 4226 made
1203 4181 1252 4227 this
1263 4181 1387 4237 assertiou,
1397 4181 1466 4228 butit
1473 4181 1551 4228 would

352 4243 936 4306 ‘possidetz’E.F.A;‘possideret,’Ern.,Balter.
968 4243 1063 4290 deceive
1082 4259 1148 4291 some
1164 4245 1192 4291 ol
1212 4246 1249 4291 his
1271 4245 1373 4302 hearers,
1393 4245 1440 4292 snd
1458 4246 1511 4291 that
1530 4246 1551 4293 is

385 4310 515 4356 eliamaear'
523 4309 559 4370 aa]
573 4310 655 4355 (icero
663 4314 812 4355 enumeratas
819 4307 861 4353 the
868 4307 936 4354 three
968 4309 1063 4370 enough
1074 4307 1110 4355 for
1120 4324 1135 4355 a
1146 4325 1202 4356 man
1209 4309 1262 4356 who
1273 4309 1396 4358 addrssses
1406 4325 1421 4356 a
1431 4310 1551 4356 mord.-

354 4373 444 4420 delecta
463 4372 541 4420 which
555 4372 652 4419 vitiated
667 4371 818 4434 ‘possessio'
836 4371 891 4418 that
906 4373 934 4428 ia,
970 4373 1113 4434 ‘dejecitr'
1131 4378 1138 4400 ⁴
1145 4374 1169 4420 vi
1180 4373 1282 4433 dejecit,'
1295 4374 1389 4429 lamb..
1402 4373 1490 4420 Baiter.

352 4437 464 4498 deprived
478 4437 521 4483 the
542 4451 672 4498 possessor,
688 4437 769 4484 whose
785 4435 933 4498 ‘possessio'
995 4439 1173 4500 possidentem]
1195 4438 1259 4485 Here
1274 4453 1310 4485 we
1324 4439 1424 4486 havcan
1444 4439 1552 4486 inamnce

352 4515 401 4547 was
416 4501 474 4548 thus
484 4501 590 4554 vitiated,
602 4501 630 4548 of
643 4501 686 4548 the
701 4501 791 4548 benefit
801 4500 829 4547 of
840 4500 882 4547 the
894 4501 936 4547 ln·
969 4500 997 4550 of
1005 4502 1047 4548 the
1057 4517 1100 4550 nse
1110 4503 1138 4549 ol
1147 4509 1153 4530 ⁴
1162 4503 1282 4564 possidere
1291 4503 1331 4551 ’to
1342 4503 1428 4564 signily
1439 4518 1469 4549 an
1481 4517 1551 4550 oocu-

354 4563 447 4611 tenca
490 4563 547 4626 (Sea
569 4564 666 4628 ludex.)
707 4565 791 4613 Cicero
811 4564 894 4612 affecta
911 4571 936 4612 to
969 4566 1179 4628 patiouofpublic
1192 4567 1257 4625 land,
1269 4567 1552 4616 butuasdvviththein·
