3517 5325
629 492 855 559 COMOEDO
879 493 981 562 OAP.
1004 498 1122 563 9-11.
1407 505 1468 566 125

313 662 360 726 X.
384 661 564 748 Panurgus,
588 662 699 748 inquit,
723 664 785 730 luit
811 665 944 732 Fannii:
970 665 998 732 is
1020 667 1080 732 luit
1102 667 1131 732 ei
1153 691 1224 732 cum
1249 667 1366 734 Roscio
1389 692 1472 734 comu

267 759 382 824 munis.
429 759 494 823 Hic
508 759 642 845 primum
657 772 789 848 questus
810 772 859 828 est
883 787 946 828 non
969 765 1080 830 leviter
1100 765 1256 844 Saturius,
1274 791 1472 832 communem

266 859 388 922 sactum
413 879 484 922 esse
510 858 612 944 gratis
633 883 707 924 cum
729 861 847 926 Roscio
862 863 917 948 qui
939 863 1041 946 pretio
1058 865 1201 949 proprius
1216 865 1329 930 luisset
1346 865 1471 929 Fannii.

269 955 421 1040 Largitus
435 963 486 1020 est
499 957 624 1022 scilicet
634 959 729 1022 homo
743 959 880 1024 liberalis
895 967 929 1024 et
946 961 1118 1024 dissolutus
1133 969 1167 1026 ct
1181 963 1325 1028 bonitate
1339 963 1472 1028 affluens

269 1052 413 1118 Fannius
428 1054 546 1118 Roscio
559 1058 569 1120 3
614 1056 668 1120 Sic
684 1065 771 1142 puto.
818 1056 975 1136 Quoniam
991 1059 1042 1123 illc
1058 1059 1108 1124 hic
1129 1060 1277 1125 constitit
1291 1061 1470 1146 paullisper,

163 1153 167 1158 ’
266 1151 343 1214 mihi
357 1173 483 1237 quoque
497 1175 626 1218 necmse
635 1162 687 1218 est
700 1154 840 1240 paullum
854 1157 1051 1220 commorari.
1098 1157 1283 1242 Panurgum
1292 1167 1338 1234 tu,
1353 1157 1469 1236 Saturi,

266 1250 428 1334 proprium
445 1249 560 1314 Fannii
576 1251 654 1315 dicis
668 1251 776 1315 luisse.
822 1251 872 1316 At
883 1275 943 1338 ego
955 1259 1058 1317 totum
1072 1253 1181 1318 Roscii
1196 1255 1294 1318 luisse
1303 1256 1470 1319 contendo.

269 1347 352 1425 Quid
381 1348 562 1412 eratenim
603 1349 743 1412 Fannii!
796 1349 929 1434 Corpus.
984 1351 1067 1431 Quid
1099 1351 1229 1416 Roscii!
1285 1352 1470 1437 Disciplina.

269 1443 384 1508 Facies
395 1452 552 1522 nouerat,
568 1446 870 1532 arseratpretiosa.
918 1447 970 1511 Ex
988 1471 1051 1534 qua
1068 1455 1160 1534 parte
1176 1461 1246 1514 erat
1268 1449 1391 1529 Fannii,
1409 1472 1471 1514 non

267 1551 337 1606 erat
353 1543 426 1606 H-S
443 1563 536 1608 1000:
562 1566 602 1608 ex
613 1565 676 1628 qua
686 1551 779 1628 parte
787 1553 858 1608 erat
873 1545 991 1624 Roscii,
1007 1546 1219 1631 ampliuserat
1233 1546 1305 1610 Hs
1322 1567 1470 1612 cccrooo.

267 1641 369 1706 Nemo
398 1642 482 1705 enim
510 1643 597 1706 illum
620 1665 662 1706 ex
687 1651 802 1707 trunco
824 1644 967 1728 corporis
994 1645 1168 1728 spectabat,
1193 1645 1313 1710 sodex
1336 1645 1470 1710 artificio

266 1741 386 1804 comico
405 1741 605 1804 aestimabat.
651 1740 736 1804 Nam
755 1740 808 1804 illa
824 1743 968 1805 membra
987 1763 1107 1806 merere
1122 1765 1179 1827 per
1200 1764 1235 1804 sc
1258 1765 1321 1806 non
1336 1742 1471 1828 amplius

266 1845 417 1922 poterant
445 1837 611 1900 duodecim
640 1837 740 1900 aeris:
776 1837 948 1923 disciplina,
981 1861 1060 1926 quae
1086 1853 1157 1903 erat
1181 1839 1223 1903 ab
1253 1839 1313 1904 hoc
1338 1841 1468 1916 tradita,

265 1937 393 2000 locabat
418 1958 453 2000 se
477 1959 539 2000 non
561 1936 666 1999 minus
691 1935 764 1998 H-S
790 1957 938 2002 cccmoo.
985 1937 1012 2002 0
1036 1937 1222 2002 societatem
1238 1937 1413 2023 captiosam
1436 1947 1470 2002 et

266 2035 447 2122 indignam!
471 2034 526 2097 ubi
540 2035 624 2098 alter
640 2033 713 2096 H-S
731 2053 815 2111 1000,
831 2035 913 2099 alter
923 2055 1061 2100 cccmco
1078 2037 1160 2120 quod
1176 2036 1220 2100 sit
1234 2037 1267 2100 in
1282 2036 1470 2100 societatem

266 2133 376 2198 affert:
400 2131 461 2196 nisi
475 2132 591 2196 idcirco
605 2131 738 2196 moleste
753 2133 883 2218 pateris,
900 2133 984 2218 quod
1003 2132 1076 2196 H-s
1094 2154 1168 2196 1000
1185 2140 1221 2197 tu
1241 2157 1282 2198 ex
1302 2157 1378 2198 arca
1397 2156 1469 2219 pro·

265 2231 397 2307 serebas,
419 2230 492 2292 H·S
516 2249 652 2294 cccrooo
673 2253 714 2294 ex
734 2229 900 2316 disciplina
920 2239 954 2295 et
976 2231 1113 2295 artificio
1133 2231 1271 2294 Roscius
1291 2233 1467 2316 promebat.

267 2329 370 2408 Quam
384 2328 466 2392 enim
487 2351 553 2393 rem
568 2335 601 2392 et
616 2329 894 2412 exspectationem,
912 2329 995 2412 quod
1015 2327 1156 2392 studium
1172 2335 1207 2392 ct
1222 2350 1315 2412 quem
1330 2329 1469 2392 savorem

264 2447 372 2490 secum
398 2427 431 2490 in
456 2449 584 2490 scenam
605 2426 718 2489 attulit
741 2425 930 2509 Panurgus?
977 2425 1069 2504 Quod
1085 2425 1195 2487 Roscii
1211 2425 1273 2488 luit
1288 2425 1468 2509 discipulus.

266 2524 328 2605 Qui
351 2525 525 2610 diligebant
547 2523 640 2600 hunc,
665 2523 709 2585 illi
733 2522 900 2586 favebant:
926 2522 979 2606 qui
1003 2521 1242 2586 admirabantur
1264 2523 1358 2596 hunc,
1382 2523 1469 2586 illum

263 2623 460 2709 probabant:
486 2620 539 2707 qui
555 2620 690 2706 denique
704 2619 801 2705 hujus
823 2641 938 2683 nomen
958 2619 1135 2698 audierant,
1161 2619 1248 2683 illum
1263 2619 1420 2684 eruditum
1435 2627 1470 2685 et

264 2723 440 2806 perfectum
466 2718 702 2783 existimabant.
747 2718 801 2781 Sic
826 2726 878 2782 est
905 2718 1031 2801 vulgus:
1055 2740 1095 2780 ex
1123 2718 1257 2781 veritate
1287 2740 1398 2802 pauca,
1429 2740 1468 2781 ex

264 2818 411 2903 opinione
426 2817 528 2879 multa
547 2817 706 2879 aestimat.
752 2814 836 2895 Quid
863 2814 962 2879 sciret
982 2814 1042 2893 ille,
1066 2814 1216 2900 perpauci
1241 2815 1469 2880 animadverte-

264 2916 354 2978 bant.
400 2912 467 2976 Ubi
490 2912 655 2977 didicisset
674 2934 784 2976 omnes
806 2916 1010 2998 quaerebant.
1056 2912 1143 2976 Nihil
1158 2914 1198 2977 ab
1214 2912 1273 2977 hoc
1289 2935 1420 2998 pravum
1435 2920 1469 2977 et

263 3034 447 3098 perversum
475 3011 607 3097 produci
636 3034 729 3097 posse
753 3012 1000 3077 arbitrabantur.
1058 3011 1092 3074 Si
1119 3010 1240 3075 veniret
1265 3013 1306 3075 ab
1331 3011 1467 3089 Statilio,

263 3110 393 3175 tametsi
414 3110 551 3175 artificio
566 3109 715 3174 Roscium
730 3116 904 3195 superaret,
927 3110 1067 3195 aspicere
1088 3132 1180 3173 nemo
1203 3118 1321 3195 posset.
1367 3108 1468 3173 Nemo

264 3206 357 3283 enim,
373 3204 456 3269 sicut
471 3227 512 3267 ex
534 3203 678 3289 improbo
699 3212 791 3287 patre
814 3205 948 3287 probum
970 3203 1069 3266 fllium
1091 3202 1189 3283 nasci,
1206 3203 1252 3267 sic
1268 3224 1308 3265 ex
1331 3202 1468 3287 pessimo

264 3302 418 3366 histrione
432 3303 550 3366 bonum
565 3302 751 3365 comoedum
772 3300 842 3363 fieri
862 3322 956 3386 posse
971 3300 1179 3365 existimaret.
1225 3300 1307 3382 Quia
1322 3300 1469 3367 veniebat

263 3421 284 3463 a
307 3400 433 3479 Roscio,
464 3399 536 3485 plus
558 3400 655 3463 etiam
677 3400 758 3463 scire
782 3420 876 3484 quam
899 3399 1023 3463 sciebat
1048 3399 1224 3463 videbatur.
1282 3398 1349 3463 XI.
1375 3400 1469 3481 Quod

263 3499 340 3563 item
358 3520 459 3583 nuper
479 3498 512 3561 iu
530 3496 632 3561 Erote
655 3498 808 3561 comoedo
830 3519 889 3560 usu
907 3496 1015 3569 venit;
1039 3496 1093 3583 qui
1115 3504 1325 3583 posteaquam
1340 3520 1358 3561 c
1373 3520 1469 3562 scena

263 3618 326 3659 non
348 3596 443 3659 modo
464 3594 571 3673 sibilis,
593 3594 651 3658 sed
672 3595 769 3659 etiam
791 3594 931 3658 convicio
954 3592 1194 3679 explodebatur,
1220 3596 1304 3659 sicut
1326 3595 1357 3658 in
1380 3616 1468 3658 aram

264 3694 407 3779 confugit
422 3693 454 3756 in
469 3692 564 3777 hujus
575 3692 712 3770 domum,
726 3691 934 3776 disciplinam,
945 3690 1167 3775 patrocinium,
1180 3713 1306 3755 nomen.
1353 3690 1467 3775 Itaque

262 3791 405 3877 perbrevi
420 3798 573 3876 tempore,
589 3790 643 3875 qui
658 3812 698 3854 ne
713 3790 745 3853 in
766 3788 945 3853 novissimis
960 3788 1086 3873 quidem
1106 3794 1176 3851 erat
1192 3786 1409 3864 histrionibus
1426 3786 1468 3849 ad

262 3890 381 3975 primos
394 3889 538 3975 pervenit
552 3888 729 3952 comoedos.
776 3888 866 3967 Quae
885 3906 937 3948 res
952 3884 1067 3948 extulit
1081 3886 1173 3947 eum?
1218 3884 1295 3945 Una
1310 3904 1467 3946 commen-

262 3988 349 4053 datio
375 3988 490 4073 hujus;
516 3986 570 4072 qui
595 3994 703 4050 tamen
733 3984 919 4067 Panurgum
950 3980 1045 4060 illum,
1075 4002 1139 4045 non
1169 3980 1271 4043 solum
1297 3986 1333 4043 ut
1358 3978 1466 4043 Roscii

297 4213 335 4260 lo.
352 4212 480 4259 duodecim
490 4209 584 4271 atriu]
603 4206 847 4256 Thisistheltoman
917 4206 995 4261 Qum
1011 4201 1148 4263 eaimrem]
1185 4200 1345 4249 Boemoraeus
1363 4197 1386 4261 (1
1399 4198 1467 4247 don’t

262 4277 331 4325 short
341 4276 432 4338 wayoi
440 4274 705 4336 sapiugtwelrepieces
716 4272 743 4318 of
752 4286 847 4332 money,
879 4270 951 4317 know
969 4269 1023 4315 who
1039 4268 1070 4315 he
1085 4266 1116 4328 is)
1134 4266 1238 4326 thought
1254 4279 1289 4310 we
1307 4263 1392 4311 should
1409 4264 1467 4311 read

261 4343 429 4389 twelreasscs.
467 4339 558 4386 Gellius
571 4338 621 4399 (nx.
642 4337 738 4399 l)aftcr
748 4337 849 4397 quoting
882 4341 969 4396 ‘quam
992 4333 1056 4380 enim
1078 4330 1163 4392 rpem,'
1188 4330 1235 4376 and
1259 4329 1381 4385 Graevius,
1404 4328 1466 4375 from

262 4406 304 4453 the
322 4406 382 4461 lex,
400 4404 450 4451 “si
468 4404 579 4464 injuriam
596 4402 656 4448 faxit
679 4399 747 4447 alteri
764 4401 848 4461 viginti
882 4400 960 4445 whom
981 4398 992 4444 l
1011 4404 1051 4457 get
1069 4396 1117 4443 this
1134 4394 1295 4450 information,
1316 4394 1419 4455 thought
1438 4408 1465 4441 so

262 4472 369 4532 quinque
386 4470 448 4517 seris
464 4482 556 4529 poenae
573 4464 671 4521 sunto,'’
689 4480 751 4526 says,
771 4465 848 4527 “quis
880 4468 939 4519 too;
955 4462 1056 4509 because
1074 4459 1150 4522 ‘spes'
1165 4459 1212 4507 and
1230 4460 1387 4521 ‘expectatio’
1399 4458 1465 4506 olten

261 4534 451 4595 erittaminops
461 4530 674 4595 quemabinjuria
689 4528 798 4578 facienda
812 4530 848 4577 vi·
882 4542 949 4575 come
960 4525 1077 4587 together.
1111 4526 1209 4587 homey
1230 4524 1292 4573 ‘ras'
1305 4524 1465 4586 sud‘expec-

262 4599 324 4661 giuti
332 4595 700 4661 quinquemerdeterrcsut?”
880 4591 958 4641 tatio-⁹
983 4588 1233 4640 Orellihuiollowed
1244 4590 1412 4638 Boemoraeus.
