3517 5325
316 488 388 550 '128
662 480 797 546 ORAT.
821 479 913 544 PRO
945 479 983 560 Q.
1008 477 1173 543 ROSCIO

321 656 411 721 litem
425 656 640 718 contestatam
654 651 804 716 habebat.
849 649 921 715 Gur.
932 649 1032 734 igitur
1055 649 1174 713 decidit
1189 655 1222 713 et
1236 670 1300 712 non
1315 647 1523 734 restipulatur

321 752 478 817 neminem
499 749 634 834 amplius
655 749 851 834 petiturum?
872 770 930 812 cur
944 748 984 811 de
1006 747 1103 811 fundo
1126 745 1245 810 decidit
1266 753 1299 810 et
1317 745 1438 830 judicio
1457 767 1524 809 non

321 851 515 915 absolvitur?
537 871 594 912 cur
616 854 684 911 tam
709 845 855 932 imperite
884 845 961 910 facit
987 853 1023 910 ut
1049 867 1108 910 nec
1140 844 1291 908 Roscium
1316 844 1523 929 stipulatione

321 949 431 1034 alliget
445 969 547 1032 neque
561 969 582 1009 a
598 945 722 1010 Fannio
734 944 854 1029 judicio
868 965 904 1007 se
918 944 1084 1008 absolvat?
1129 941 1192 1008 Est
1206 943 1268 1007 hoo
1284 943 1418 1028 primum
1433 949 1467 1006 et
1481 965 1523 1006 ex

321 1045 502 1110 conditione
513 1044 595 1129 juris
609 1050 643 1107 et
657 1065 698 1106 ex
713 1041 942 1106 consuetudine
957 1041 1114 1106 cautionis
1128 1041 1348 1126 gravissimum
1363 1049 1397 1106 et
1411 1040 1523 1104 firmis·

320 1143 435 1206 simum
448 1148 691 1227 argumentum
715 1139 801 1225 quod
821 1161 882 1223 ego
902 1139 1045 1224 pluribus
1065 1138 1168 1202 verbis
1183 1139 1400 1224 amplecterer,
1417 1137 1443 1202 si
1458 1159 1524 1200 non

321 1241 384 1305 alia
406 1239 544 1304 certiora
558 1246 592 1303 et
615 1238 750 1302 clariora
763 1236 947 1301 testimonia
961 1236 994 1299 iu
1009 1258 1122 1300 caussa
1139 1231 1298 1300 haberem.
1346 1234 1452 1298 Xlll.
1476 1234 1523 1298 Et

321 1361 361 1403 ne
383 1339 466 1403 forte
487 1360 538 1401 me
552 1338 613 1401 hoo
633 1336 754 1400 frustra
774 1334 949 1420 pollicitum
971 1356 1041 1398 esse
1063 1333 1235 1420 praedices,
1256 1343 1299 1409 te,
1315 1341 1359 1412 te,
1383 1333 1521 1418 inquam,

323 1436 437 1514 Fauni,
459 1437 501 1500 ab
522 1437 588 1500 tuis
609 1433 765 1498 subselliis
787 1440 901 1497 contra
921 1439 956 1496 te
978 1440 1095 1497 testem
1117 1432 1290 1497 suscitabo.
1336 1431 1522 1496 Criminatio

320 1543 379 1600 tua
392 1557 475 1620 quae
488 1535 559 1598 est?
603 1531 754 1595 Roscium
769 1553 842 1594 cum
858 1531 969 1593 Flavio
989 1551 1046 1615 pro
1064 1529 1218 1594 societate
1239 1530 1403 1594 decidisse.
1450 1530 1521 1610 Quo

322 1634 485 1717 tempore?
529 1630 658 1694 Abhinc
678 1629 770 1692 annis
791 1651 842 1692 xv.
889 1627 1041 1691 Defensio
1065 1649 1136 1690 mea
1156 1649 1238 1712 quae
1255 1629 1326 1692 est?
1371 1627 1522 1690 Roscium

321 1751 381 1814 pro
408 1751 467 1792 sua
494 1735 586 1814 parte
614 1749 687 1791 cum
718 1726 828 1789 Flavio
849 1725 1055 1811 transegisse.
1102 1724 1311 1809 Repromittis
1341 1732 1377 1789 tu
1404 1725 1522 1788 abhinc

323 1827 494 1891 triennium
524 1825 651 1888 Roscio.
711 1823 804 1904 Quid,
836 1823 937 1888 recita
967 1823 1062 1887 istam
1094 1823 1365 1908 restipulationem
1393 1821 1520 1886 elarius.

324 1924 478 1999 Attouda,
514 1943 642 2007 quaeso,
675 1921 763 1984 Piso.
825 1920 983 1984 Fannium
1009 1920 1142 1984 invitum
1172 1929 1206 1985 et
1234 1921 1297 1984 huc
1325 1927 1421 2005 etque
1447 1919 1521 1983 illuc

323 2021 586 2106 tergiversantem
610 2018 827 2084 testimonium
856 2026 969 2082 contra
993 2039 1028 2082 se
1052 2019 1156 2083 dicere
1180 2041 1271 2106 cogo.
1328 2017 1411 2099 Quid
1437 2016 1522 2080 enim

323 2117 522 2204 restipulatio
543 2118 678 2182 clamat?
723 2139 810 2184 ouon
834 2139 857 2179 a
883 2137 1008 2178 rnavro
1031 2137 1402 2193 ansrunauo,1>anrau
1425 2135 1521 2178 niur-

324 2238 416 2279 nrsu
433 2236 518 2277 runa
535 2235 652 2277 noscro
668 2235 719 2276 ua
741 2234 941 2276 sonurnrnu
963 2233 1124 2276 suosoao.
1170 2213 1239 2277 Tua
1253 2237 1314 2277 vox
1329 2221 1388 2290 est,
1405 2212 1519 2276 Fanni.

325 2313 408 2394 Quid
433 2320 470 2377 tu
489 2313 613 2375 auferre
632 2318 725 2396 potes
739 2333 759 2374 a
775 2311 895 2388 Flavio,
912 2310 940 2374 si
962 2310 1091 2374 Flavius
1107 2311 1184 2375 nihil
1204 2313 1318 2377 debet!
1364 2311 1447 2391 Quid
1469 2311 1521 2374 hio

322 2433 418 2496 porro
447 2431 531 2473 nuuc
560 2409 768 2494 restipulatur
789 2409 874 2494 quod
899 2409 1090 2493 jampridem
1112 2409 1179 2494 ipse
1201 2410 1328 2496 exegit?
1350 2409 1425 2495 quid
1447 2431 1521 2473 vero

325 2509 455 2574 Flavius
473 2507 533 2572 tibi
554 2507 686 2571 daturus
709 2514 769 2583 est,
793 2507 847 2592 qui
867 2505 984 2570 Roscio
1005 2528 1097 2570 omne
1121 2507 1206 2592 quod
1226 2507 1336 2572 debuit
1358 2508 1521 2571 dissolvit!

324 2607 390 2673 (lar
403 2607 435 2670 iu
450 2628 485 2670 re
499 2612 567 2670 tam
582 2604 691 2678 veteri,
707 2604 740 2667 in
754 2605 883 2690 negotio
898 2612 966 2669 tam
981 2603 1134 2684 conlecto,
1152 2605 1183 2668 in
1198 2605 1351 2670 societate
1366 2604 1521 2669 dissoluta

322 2729 404 2771 nova
417 2707 495 2770 haec
509 2704 707 2790 restipulatio
726 2702 959 2788 interponitur?
1005 2702 1083 2782 Quis
1098 2711 1149 2767 est
1163 2704 1258 2787 hujus
1272 2702 1521 2789 restipulationis

322 2804 470 2890 scriptor,
492 2803 597 2878 testis,
619 2802 747 2878 arbiter,
772 2801 864 2886 quis?
908 2798 967 2875 Tu,
994 2799 1081 2863 Piso.
1127 2800 1177 2864 Tu
1199 2801 1283 2865 euim
1307 2801 1345 2881 Q.
1370 2801 1522 2865 Roscium

321 2925 380 2987 pro
395 2922 499 2987 opera,
510 2922 567 2984 pro
582 2899 698 2975 labore,
710 2899 794 2983 quod
809 2897 955 2983 cognitor
968 2896 1090 2975 luisset,
1104 2900 1188 2983 quod
1200 2899 1380 2963 vadimonia
1391 2900 1519 2976 obisset,

322 3000 444 3084 rogasti
462 3005 500 3061 ut
525 2995 648 3060 Fannio
671 2996 764 3059 daret
790 2995 864 3059 H·S
885 3014 1031 3072 cccmoo,
1048 2996 1108 3059 hae
1129 2997 1310 3061 conditione
1333 3004 1379 3075 ut,
1396 2998 1423 3061 si
1444 2998 1520 3083 quid

322 3098 373 3161 ille
395 3097 554 3181 exegisset
578 3117 600 3157 a
620 3093 742 3169 Flavio,
766 3100 889 3176 partem
912 3092 981 3175 ejus
1003 3093 1164 3158 dimidiam
1187 3094 1303 3159 Roscio
1326 3094 1521 3160 dissolveret.

324 3194 452 3258 Satisne
467 3193 531 3255 ista
548 3189 745 3274 restipulatio
768 3189 875 3252 dicere
898 3189 958 3254 tibi
978 3190 1102 3255 videtur
1116 3201 1225 3277 aperte
1247 3191 1397 3256 Roscium
1412 3214 1470 3277 pro
1485 3214 1521 3256 se

322 3290 497 3354 decidisset
542 3289 592 3350 At
614 3286 698 3349 enim
724 3286 858 3350 forsitan
882 3286 941 3349 hoc
963 3288 1022 3351 tibi
1045 3288 1151 3353 veniat
1180 3289 1212 3352 in
1241 3298 1389 3367 mentem,
1415 3312 1522 3375 repro-

322 3386 445 3449 misisse
473 3384 631 3447 Fennium
657 3382 782 3460 Roscio,
799 3382 826 3446 si
850 3384 925 3468 quid
945 3406 965 3446 n
989 3384 1101 3449 Flavio
1116 3386 1285 3471 exegisset,
1306 3388 1375 3471 ejus
1397 3395 1521 3473 partem

322 3484 493 3560 dimidiam,
510 3482 567 3545 sed
589 3480 716 3545 omnino
738 3480 882 3566 exegisse
904 3482 990 3547 nihil.
1036 3483 1128 3563 Quid,
1145 3492 1182 3549 tu
1204 3507 1267 3548 uon
1289 3485 1408 3549 exitum
1428 3508 1521 3550 exac-

357 3668 395 3717 la.
413 3668 511 3715 Attice
521 3666 592 3714 mnis
601 3664 661 3727 xv.]
697 3664 750 3714 The
757 3666 810 3714 first
818 3666 908 3715 edition
941 3668 969 3715 ol
975 3668 1146 3729 interrogation
1157 3668 1178 3717 is
1189 3670 1272 3731 phaed
1282 3674 1308 3719 at
1319 3670 1361 3717 the
1372 3669 1419 3718 end
1434 3669 1462 3717 ol
1473 3670 1522 3719 this

322 3733 350 3781 ol
366 3732 441 3780 Orelli
460 3731 505 3779 has
524 3730 627 3778 ‘abhinc
644 3730 714 3777 aunis
733 3732 781 3779 iv!
815 3732 908 3779 Bothe
940 3738 1060 3790 sentence,
1073 3734 1149 3781 which
1164 3736 1237 3796 spoils
1253 3736 1295 3783 the
1310 3750 1385 3783 sense.
1419 3736 1469 3783 But
1479 3736 1522 3783 tbe

322 3812 376 3860 asys
389 3797 431 3844 the
447 3796 521 3844 MSS.
542 3795 590 3843 and
607 3796 649 3842 tha
666 3795 707 3843 old
725 3796 828 3844 editiom
847 3797 908 3845 have
940 3796 1083 3857 meaningis
1097 3804 1141 3846 not
1147 3799 1234 3861 clearly
1247 3799 1381 3862 expneased.
1416 3799 1521 3847 Ciceso’e

322 3877 369 3910 xv.
394 3862 447 3909 Tha
455 3860 564 3909 numeral
574 3861 595 3908 is
605 3875 695 3923 wrong,
704 3862 751 3909 and
759 3860 907 3909 Hotmann’s
940 3867 1066 3922 argument
1076 3862 1097 3908 is
1108 3863 1164 3921 this,
1176 3864 1229 3911 that
1242 3880 1277 3912 we
1286 3864 1370 3911 should
1378 3863 1435 3911 look
1446 3870 1471 3911 to
1480 3865 1523 3913 the

321 3926 473 3975 emendation
486 3940 515 3974 ιν
527 3940 581 3987 may
593 3924 623 3972 be
632 3926 706 3987 right.
941 3926 1119 3987 ‘restipulatio'
1135 3928 1183 3975 and
1197 3930 1379 3990 ‘repromissis’
1393 3929 1480 3985 which,
1494 3945 1522 3977 as

364 3990 779 4053 &promittis-restipulationem]
810 3991 855 4037 See
865 3990 907 4037 the
939 3989 971 4036 he
983 4004 1045 4051 says,
1060 4006 1134 4051 prove
1150 3992 1203 4040 that
1220 3994 1321 4041 Roscius
1338 4009 1386 4040 was
1402 3994 1523 4055 supposed

322 4056 496 4103 introduction.
532 4054 611 4101 When
621 4054 653 4101 he
663 4070 717 4115 says
737 4056 826 4102 ‘recita
835 4055 906 4101 htam
939 4054 971 4115 by
983 4054 1088 4101 Chaerea
1098 4061 1124 4103 to
1139 4058 1199 4104 have
1215 4058 1380 4120 oompounded
1393 4058 1450 4105 with
1468 4060 1522 4106 me

321 4118 543 4182 restipulationem,’
561 4134 597 4165 we
613 4133 653 4165 see
669 4119 723 4165 that
736 4119 779 4165 the
794 4118 906 4165 evidence
938 4119 991 4165 vius
1008 4119 1044 4165 lor
1059 4120 1096 4167 hie
1110 4136 1164 4168 own
1179 4122 1248 4169 share
1261 4123 1331 4184 only:
1349 4123 1396 4169 aud
1407 4123 1438 4170 he
1454 4124 1521 4177 adds,

322 4185 350 4231 ol
363 4186 406 4231 the
428 4182 580 4245 ‘stipulatio'
602 4197 651 4228 was
666 4183 693 4228 in
708 4183 810 4242 waiting,
829 4182 906 4228 which
939 4182 991 4230 that
1002 4183 1023 4231 is
1033 4184 1139 4232 Chaerea
1152 4186 1192 4233 did
1206 4194 1249 4233 not
1265 4202 1308 4235 sue
1320 4188 1415 4235 Flavius
1429 4187 1468 4235 lor
1484 4188 1522 4235 his

321 4262 370 4294 was
380 4248 518 4295 sometimes
534 4248 576 4293 the
589 4260 651 4301 case,
662 4260 689 4293 as
703 4246 723 4292 it
737 4247 781 4292 hae
796 4247 857 4292 been
870 4247 905 4293 al-
939 4248 1016 4304 share,
1028 4250 1136 4297 ‘neither
1155 4252 1195 4297 did
1212 4252 1243 4298 he
1254 4252 1287 4313 by
1303 4252 1356 4298 that
1370 4258 1414 4299 not
1430 4253 1523 4299 declara

322 4313 394 4373 ready
405 4311 529 4358 observed.
938 4312 976 4359 his
991 4313 1088 4373 opinion
1104 4315 1157 4361 that
1174 4316 1275 4363 Roscius
1292 4317 1339 4363 had
1355 4316 1521 4377 compouuded

354 4376 449 4422 Fannio
470 4376 541 4421 daret
568 4372 624 4447 H3S
650 4373 779 4434 coemes]
828 4374 907 4422 There
939 4377 976 4423 for
987 4378 1024 4424 his
1035 4392 1089 4425 own
1101 4379 1187 4427 share!
1223 4380 1295 4427 Klotz
1308 4386 1363 4441 puts
1374 4396 1405 4429 sn
1418 4381 1449 4445 (?)
1461 4381 1523 4429 alter

322 4454 399 4485 seems
410 4445 436 4485 to
448 4439 477 4485 be
487 4453 519 4484 an
529 4452 595 4483 mor
602 4452 627 4483 1n
638 4438 680 4484 tha
691 4439 819 4497 numemla
827 4439 906 4487 which
939 4446 945 4468 ⁴
956 4442 1038 4499 Quio,'
1050 4443 1098 4489 end
1109 4446 1210 4491 another
1217 4445 1278 4492 alter
1290 4450 1295 4472 ‘
1305 4444 1378 4493 debes
1386 4446 1404 4502 ς’
1419 4446 1497 4493 which
1509 4446 1522 4493 l

321 4502 382 4549 have
393 4501 454 4549 been
464 4500 584 4549 comcted
595 4501 621 4548 ia
630 4501 725 4549 vannus
736 4518 806 4565 ways.
938 4505 1007 4553 don't
1024 4508 1178 4556 understand.
1221 4509 1314 4560 ‘Quid'
1334 4510 1418 4571 placed
1436 4517 1462 4559 at
1481 4512 1524 4558 tha

358 4567 470 4624 Qudne
484 4565 540 4627 aa]
576 4565 607 4613 ln
621 4581 687 4614 some
702 4567 805 4617 editions
819 4584 835 4616 a
848 4574 906 4617 note
938 4570 1068 4632 begmuing
1086 4572 1115 4619 of
1128 4588 1143 4620 a
1157 4577 1270 4622 sentence
1286 4575 1307 4622 is
1323 4582 1368 4623 not
1382 4575 1524 4637 neeesmily
