3517 5325
631 455 854 522 AMERINO
877 457 979 524 oAP.
1003 460 1142 526 36-38.
1446 465 1485 528 91

285 628 355 694 cius
368 627 474 693 omnia
488 649 561 692 cum
582 627 790 713 Chrysogono
804 629 1015 696 communiter
1029 629 1192 716 possidete
1239 631 1354 698 Nonne
1368 633 1488 721 perspi·

284 749 379 793 cuum
392 735 453 803 est,
465 726 600 812 judices,
624 726 684 789 has
706 726 872 792 manubias
897 727 1022 792 Rosciis
1050 728 1289 815 Chrysogonum
1312 733 1489 818 recognita

284 825 501 890 concessisset
545 822 766 888 XXXVIII.
790 823 892 904 Venit
906 825 938 888 in
953 825 1171 912 decemprimis
1192 828 1318 914 legatus
1332 830 1365 894 in
1380 839 1488 896 castra

286 923 412 1010 Capito.
450 921 567 986 Totam
578 922 684 1000 vitam,
700 929 848 986 naturam
862 944 1030 1010 moresque
1041 925 1178 990 hominis
1192 949 1232 990 ex
1247 927 1316 1012 ipsa
1327 929 1487 1014 legatione

283 1021 476 1108 cognoscite.
522 1019 593 1083 Nisi
607 1020 836 1098 intellexeritis,
854 1022 990 1106 judices,
1017 1023 1137 1086 nullum
1159 1045 1231 1090 esee
1254 1026 1400 1106 officium,
1417 1027 1486 1090 uul-

282 1119 346 1183 lum
358 1120 413 1204 jus
426 1125 495 1183 tam
509 1124 656 1182 sanctum
676 1125 774 1202 atque
796 1117 957 1204 integrum
982 1121 1066 1205 quod
1090 1143 1154 1184 non
1179 1122 1250 1206 ejus
1272 1123 1376 1188 scelus
1389 1135 1485 1210 atque

285 1217 416 1302 perfidia
429 1215 556 1279 violarit
567 1221 603 1279 et
615 1215 817 1293 imminuerit,
834 1217 936 1281 virum
951 1219 1106 1304 optimum
1128 1235 1197 1284 esse
1212 1243 1284 1286 eum
1296 1222 1483 1306 judicatote.

285 1313 516 1400 impedimento
530 1321 583 1378 est
596 1335 659 1399 quo
680 1314 784 1378 minus
805 1315 845 1379 de
866 1315 917 1380 his
938 1318 1033 1380 rehus
1057 1317 1144 1382 Sulla
1167 1319 1336 1384 doceatur:
1361 1329 1483 1388 cetero·

282 1435 352 1476 rum
366 1414 544 1498 legatorum
558 1411 688 1476 consilia
700 1420 736 1476 et
749 1413 945 1478 voluntatem
961 1414 1169 1502 Chrysogono
1184 1419 1350 1484 enuntiat:
1375 1429 1484 1488 monet

281 1518 319 1576 ut
331 1511 499 1596 provideat
513 1533 554 1574 ne
568 1510 672 1595 palam
686 1531 739 1575 res
759 1517 895 1596 agatur:
921 1513 1072 1588 ostendit,
1095 1514 1122 1577 si
1144 1515 1270 1581 sublata
1284 1517 1329 1582 sit
1343 1517 1482 1584 venditio

280 1610 443 1687 honorum,
460 1608 547 1693 illum
561 1608 726 1694 pecuniam
746 1608 901 1694 grandem
921 1609 1119 1690 amissurum,
1137 1635 1206 1678 sese
1229 1615 1346 1700 capitia
1360 1616 1480 1701 pericu-

281 1707 345 1771 lnrn
366 1707 545 1771 aditurum:
580 1706 668 1770 illum
691 1727 816 1782 acuere,
843 1707 903 1771 hos
926 1707 979 1792 qui
1005 1707 1098 1774 simul
1124 1718 1217 1776 erant
1240 1711 1327 1776 missi
1352 1713 1477 1780 fallere:

281 1805 367 1869 illum
395 1805 567 1870 identidem
589 1825 718 1868 monere
743 1812 780 1868 ut
803 1813 941 1882 caveret,
966 1806 1055 1871 hisce
1080 1807 1230 1874 insidiose
1255 1832 1345 1896 spem
1367 1811 1480 1876 falsam

280 1903 467 1968 ostendere:
498 1923 571 1966 cum
593 1901 646 1966 illo
663 1910 776 1968 contra
798 1903 858 1968 hos
883 1903 963 1968 inire
986 1905 1126 1984 consilia,
1151 1907 1263 1972 horum
1283 1909 1412 1974 consilia
1436 1909 1478 1974 illi

279 2002 459 2066 enuntiare:
498 2022 571 2065 cum
595 2001 647 2065 illo
673 2013 798 2088 partem
817 2022 908 2065 suam
932 2002 1100 2088 depacisci,
1127 2005 1214 2070 hisce
1242 2005 1349 2092 aliqua
1377 2007 1479 2072 fretus

278 2121 354 2164 aura
368 2119 494 2185 semper
514 2121 624 2164 omnes
638 2099 745 2164 aditus
758 2099 800 2164 ad
823 2099 943 2164 Sullam
965 2100 1185 2167 intercludere.
1230 2101 1399 2168 Postremo
1415 2105 1478 2172 isto

278 2197 450 2276 hortatore,
474 2205 614 2276 auctore,
641 2197 852 2262 intercessore
876 2199 919 2262 ad
944 2198 1063 2263 Sullam
1086 2199 1185 2286 legati
1215 2221 1278 2266 nun
1307 2201 1476 2268 adierunt:

278 2296 369 2361 istius
382 2297 494 2361 fideac
516 2296 624 2382 potius
648 2295 780 2382 pertidia
807 2295 942 2381 decepti,
969 2297 1001 2360 id
1027 2299 1112 2382 quod
1138 2319 1179 2362 ex
1194 2298 1273 2383 ipsis
1286 2320 1477 2384 cognoscere

276 2395 432 2479 poteritis,
448 2394 476 2458 si
497 2401 668 2458 accusator
688 2393 823 2459 voluerit
844 2395 1063 2460 testimonium
1086 2394 1132 2458 eis
1155 2395 1351 2473 denuntiare,
1369 2417 1476 2481 prore

276 2501 365 2559 certa
378 2515 467 2580 spem
481 2493 592 2556 falsam
607 2493 736 2556 domum
749 2492 953 2558 rettulerunt.
986 2493 1026 2556 ln
1041 2493 1173 2579 privatis
1189 2495 1283 2558 rebus
1298 2493 1325 2557 si
1341 2493 1394 2578 qui
1409 2516 1475 2560 rem

274 2593 456 2657 mandatam
471 2615 534 2657 non
549 2592 645 2655 modo
659 2591 846 2656 malitiosius
860 2593 1014 2679 gessisset
1024 2592 1073 2658 sui
1083 2601 1235 2680 quaestus
1249 2600 1306 2658 aut
1320 2593 1476 2658 commodi

274 2714 396 2771 caussa,
412 2714 520 2756 verum
535 2692 633 2757 etiam
646 2690 869 2777 negligentius,
886 2713 957 2755 eum
980 2693 1118 2777 majores
1139 2714 1296 2757 summum
1310 2691 1475 2759 admisisse

275 2792 413 2854 dedecus
435 2790 668 2855 existimabant.
716 2790 831 2875 Itaque
856 2789 999 2855 mandati
1025 2790 1235 2857 constitutum
1250 2798 1300 2857 est
1319 2790 1474 2877 judicium

274 2910 339 2951 non
353 2887 456 2951 minus
469 2896 563 2974 turpe
575 2908 671 2973 quam
680 2887 767 2964 furti,
784 2887 890 2961 oredo,
906 2896 1078 2973 propterea
1092 2890 1186 2973 quod,
1202 2889 1317 2974 quibus
1332 2889 1364 2953 in
1379 2889 1474 2953 rebus

272 2986 333 3072 ipsi
359 2986 511 3051 intereoee
536 3008 599 3050 non
624 3006 801 3071 possumus,
825 2984 857 3047 in
885 2985 934 3049 his
959 3006 1074 3071 operae
1100 2994 1231 3052 nostrae
1254 2987 1371 3051 vicaria
1394 2987 1474 3051 fides

270 3085 443 3149 amicorum
457 3084 661 3171 supponitur:
678 3104 772 3170 quam
788 3083 842 3169 qui
857 3082 963 3163 laedit,
975 3092 1139 3169 oppugnat
1153 3084 1292 3149 omnium
1308 3106 1473 3149 commune

302 3292 344 3340 88.
359 3292 444 3353 aliqu
454 3288 541 3351 fietus
550 3290 625 3351 cara]
661 3288 789 3337 Hotmann
798 3303 853 3351 says
886 3288 988 3349 dealing,
1002 3288 1050 3337 md
1065 3288 1167 3351 honesty
1185 3285 1266 3351 (fides)
1284 3287 1306 3335 ls
1322 3302 1388 3335 more
1404 3288 1472 3336 strict

271 3355 325 3403 that
344 3356 378 3404 all
398 3355 442 3403 the
462 3354 545 3411 MSS,
566 3354 654 3401 known
675 3359 703 3403 to
724 3355 783 3411 blm,
805 3354 852 3401 had
886 3354 1018 3401 thanuma
1053 3352 1471 3401 Iiamanundertoolrtodosome·

272 3421 359 3477 ‘aura’
376 3420 454 3468 which
466 3418 532 3467 word
547 3434 576 3467 or
592 3419 680 3467 ‘hora'
698 3434 776 3467 uenus
786 3424 813 3467 to
823 3418 854 3467 hs
886 3418 955 3481 thing
965 3417 1004 3466 lor
1015 3418 1115 3465 another
1126 3418 1172 3465 and
1190 3418 1227 3465 lor
1241 3417 1350 3479 nothing,
1362 3418 1438 3465 which
1450 3418 1471 3466 la

269 3486 312 3533 the
332 3485 406 3533 Mas,
428 3484 534 3545 reading.
578 3484 652 3532 Orelli
671 3484 741 3532 reads
758 3484 855 3546 ‘aliqua
888 3483 1058 3540 ‘mandatum’
1080 3483 1111 3531 he
1125 3498 1174 3531 was
1188 3482 1259 3531 liable
1277 3488 1320 3530 not
1334 3482 1471 3545 onlyilhe

269 3548 439 3607 Μωυσῆ
452 3550 621 3610 acunjacture.
659 3549 742 3605 Klotz,
758 3549 851 3610 ‘aliqua
883 3548 952 3595 acted
963 3548 1132 3611 trandidently,
1141 3548 1246 3595 butalso
1258 3548 1279 3595 il
1287 3547 1470 3595 haectedcare·

268 3628 296 3661 re
315 3620 342 3662 et
358 3613 442 3671 mora'
460 3614 538 3661 which
557 3613 588 3661 he
604 3614 662 3662 calla
681 3614 740 3661 ‘the
756 3612 851 3661 namral
883 3612 963 3675 laasly.
997 3612 1120 3661 Wemust
1134 3612 1276 3674 distinguiah
1294 3611 1468 3670 ‘mandatum'

269 3679 422 3740 conjecture!
454 3678 508 3727 Tha
523 3682 576 3727 tart
591 3694 668 3727 asama
678 3682 790 3741 corrupt:
807 3677 852 3725 hut
883 3678 959 3725 which
971 3676 1064 3740 impliea
1075 3692 1142 3725 some
1156 3683 1194 3725 act
1212 3692 1239 3725 or
1254 3680 1305 3725 acta
1320 3682 1346 3724 to
1357 3676 1387 3724 be
1398 3676 1469 3733 done,

270 3745 359 3792 ‘aura'
371 3743 550 3805 mayberIght
885 3742 945 3789 from
958 3742 1124 3803 ‘depositum'
1144 3740 1257 3789 inthch
1269 3740 1469 3801 caseaomethlng

300 3806 683 3870 testimuat'ancr'adcaaatr'arc,]
711 3806 819 3856 SaeVol.
829 3805 851 3853 1.
884 3804 1071 3855 isintrnstedto
1082 3820 1097 3852 a
1110 3821 1165 3853 man
1180 3806 1217 3853 lor
1234 3804 1283 3853 sale
1298 3804 1408 3865 keeping,
1420 3802 1468 3850 and

267 3871 372 3922 Vannii.
386 3875 408 3921 l.
420 3889 442 3921 c.
456 3875 494 3922 19.
534 3873 559 3921 It
573 3874 595 3921 ia
607 3872 712 3921 iufarred
725 3873 787 3920 from
802 3870 851 3917 thia
883 3868 904 3916 il
911 3868 931 3917 it
941 3870 962 3917 is
972 3870 1020 3917 lost
1031 3870 1135 3931 through
1146 3869 1183 3916 his
1195 3869 1358 3923 carelessness,
1369 3866 1437 3913 there
1447 3866 1469 3914 ia

266 3944 364 3999 present
384 3952 484 3999 wanga
503 3938 559 3987 tuat
578 3938 621 3986 the
641 3938 772 3985 defendant
791 3936 818 3983 in
836 3950 851 3982 a
883 3948 915 3981 no
926 3934 1007 3981 action
1020 3934 1113 3995 against
1128 3933 1186 3987 hlm,
1198 3932 1219 3979 u
1232 3932 1264 3978 he
1277 3931 1334 3977 took
1349 3930 1468 3978 theaame

266 4003 373 4051 ulminal
383 4002 602 4065 procsedingeould
613 4008 657 4049 not
667 4002 784 4065 compela
793 4015 850 4048 man
883 4013 936 4046 care
949 3996 978 4045 ol
985 3998 1005 4045 it
1016 3998 1069 4044 that
1080 3997 1110 4043 he
1126 3998 1147 4043 ia
1158 3996 1217 4043 used
1228 4000 1253 4043 to
1264 3994 1319 4042 take
1330 3994 1357 4041 of
1365 3994 1402 4041 hia
1413 4008 1467 4043 own

265 4072 292 4114 to
310 4082 398 4129 appear
415 4083 442 4115 aa
459 4082 475 4114 a
492 4068 590 4116 witness
607 4068 633 4114 In
652 4067 690 4114 hle
707 4066 801 4123 habult:
823 4065 850 4113 in
883 4063 971 4125 thiagn.
1015 4060 1068 4111 The
1091 4060 1218 4123 'judicium
1241 4058 1362 4107 mandati'
1384 4059 1405 4107 ia
1426 4058 1467 4107 tha

264 4137 366 4195 support
381 4132 409 4179 ol
422 4131 500 4179 which
510 4148 526 4179 a
537 4146 638 4193 passage
651 4130 680 4179 ol
695 4130 814 4179 Asconius
827 4130 849 4177 is
883 4128 960 4177 ‘actio
979 4126 1086 4175 mandati
1103 4126 1148 4172 'ol
1161 4124 1203 4173 tha
1215 4124 1300 4185 Digest
1312 4122 1364 4186 (17.
1379 4122 1417 4171 tit.
1432 4123 1465 4187 1),

264 4198 361 4259 quoted.
405 4197 459 4245 'l'he
480 4198 590 4259 question
612 4196 640 4243 ol
658 4196 701 4243 tho
721 4210 802 4256 power
823 4193 852 4243 of
880 4194 959 4242 ahere
980 4192 1067 4240 Paulus
1080 4188 1119 4254 (l)
1137 4204 1205 4251 says:
1236 4188 1404 4235 “Mandatum
1420 4190 1467 4237 nid

262 4262 432 4323 oompeIIInga
447 4276 503 4308 man
519 4266 545 4307 to
561 4260 847 4307 attendasawituaaslu
879 4259 1009 4320 gratuitum
1035 4254 1127 4303 nullum
1150 4258 1194 4311 cst,
1219 4268 1274 4301 nam
1297 4253 1414 4315 originem
1436 4268 1465 4302 ea

261 4326 305 4374 the
316 4328 411 4375 Roman
422 4332 503 4374 court·
512 4325 534 4372 Ia
544 4330 587 4371 not
597 4338 661 4385 easy.
878 4324 955 4370 efficto
966 4328 1038 4385 atrpue
1049 4320 1152 4367 amicitia
1163 4316 1261 4366 trahit.”

294 4389 547 4453 madatr‘jadr'ctam]
572 4388 625 4435 The
635 4388 719 4435 notion
729 4387 757 4435 oi
766 4391 847 4434 ‘ruam
912 4382 1088 4447 meadafider]
1117 4384 1271 4431 ‘confidence
1282 4383 1307 4431 in
1319 4398 1364 4431 our
1375 4380 1465 4431 friends

262 4454 359 4503 daturn’
377 4457 398 4503 ia
414 4454 540 4519 explained
557 4452 612 4501 Vol.
628 4453 649 4501 1.
661 4452 732 4499 Verr.
750 4452 775 4499 il.
787 4456 812 4501 2.
825 4467 847 4499 c.
879 4451 900 4497 is
912 4450 994 4513 placed
1005 4466 1031 4497 as
1042 4465 1057 4497 a
1067 4449 1197 4498 substitute
1212 4448 1249 4495 lor
1264 4464 1309 4497 our
1325 4462 1379 4497 own
1395 4448 1463 4513 pota!

261 4520 302 4578 tt,
313 4520 361 4568 and
372 4522 396 4569 3.
410 4536 432 4569 c.
442 4524 483 4571 aa.
517 4520 563 4568 Sea
572 4518 624 4567 also
635 4517 682 4565 Pro
694 4516 721 4565 Ρ.
737 4516 846 4573 Quintio,
880 4516 926 4565 See
936 4514 991 4564 Vol
1004 4514 1026 4563 1.
1038 4513 1106 4563 Varr.
1118 4514 1143 4563 ii.
1157 4516 1178 4565 l.
1191 4530 1212 4563 c.
1223 4514 1264 4563 36.

262 4597 283 4631 c.
308 4586 432 4643 lt,note.
471 4580 848 4634 'l'neRomaunotionoffalr
