3517 5325
709 509 811 575 uAP.
834 512 886 591 29,
911 512 963 576 30.
1376 516 1437 577 451

233 680 445 747 transnnrine
460 678 628 765 vectigalia
645 680 812 764 juvabunt,
836 681 1024 747 tenuissima
1042 680 1222 767 suspicione
1241 683 1438 768 praedonum

231 787 290 844 aut
303 779 444 843 hostium
453 778 590 863 injecta!
634 780 767 841 Atvero
777 779 837 843 boc
851 780 921 865 agri
935 780 1087 864 Campani
1099 779 1235 863 vectigal
1244 802 1343 865 quum
1352 781 1438 864 ejus-

232 878 320 941 modi
333 885 385 941 eat
407 885 444 941 ut
465 887 498 940 et
512 875 599 941 domi
615 875 660 939 sit
676 882 710 939 et
730 876 877 940 omnibus
896 878 1062 962 praesidiis
1084 876 1273 962 oppidorum
1296 884 1435 962 tegatur,

231 984 303 1041 turn
316 997 420 1060 neque
434 974 524 1038 bellis
539 974 707 1051 infestum,-
721 994 780 1037 nec
802 974 961 1039 fructibus
976 975 1105 1053 varium,
1130 994 1188 1038 nec
1211 975 1299 1038 caelo
1313 996 1352 1037 ac
1366 975 1437 1039 loco

232 1073 452 1137 calamitosum
472 1092 543 1135 esse
564 1070 656 1135 solet.
704 1070 848 1156 Majores
866 1072 968 1137 nostri
989 1094 1052 1137 non
1074 1073 1175 1137 solum
1195 1072 1228 1135 id
1241 1074 1328 1157 quod
1344 1073 1437 1136 (iaru-

231 1170 325 1255 panis
349 1176 499 1254 ceperant
516 1190 580 1232 non
602 1167 835 1247 imminuerunt,
852 1192 960 1234 verum
977 1170 1075 1234 etiam
1093 1170 1125 1233 id
1141 1170 1226 1255 quod
1240 1170 1261 1233 ii
1277 1170 1436 1235 tenebant

232 1268 348 1353 quibua
361 1266 455 1331 adimi
475 1267 546 1351 jure
563 1287 627 1331 non
641 1274 770 1352 poterat
782 1276 978 1333 coemerunt.
1024 1266 1096 1348 Qua
1110 1268 1150 1331 de
1166 1288 1280 1331 caussa
1296 1288 1355 1331 nec
1372 1268 1436 1331 duo

232 1364 380 1439 Gracchi,
401 1364 509 1449 quide
524 1365 624 1448 plebis
640 1364 802 1429 Romanae
823 1365 999 1429 commodis
1017 1351 1186 1451 plurimum
1200 1365 1434 1451 cogitaverunt,

233 1484 293 1526 nee
309 1462 346 1525 L.
364 1461 459 1540 Sulla
484 1460 539 1546 qui
561 1461 666 1525 omnia
684 1461 753 1526 sine
776 1462 840 1527 ulls
857 1462 1011 1548 religione
1025 1463 1141 1548 quibus
1156 1462 1255 1527 voluit
1274 1472 1325 1527 est
1340 1462 1436 1526 dilar-

233 1561 331 1647 gitus,
356 1581 468 1645 agrum
482 1559 680 1644 (lempanum
700 1560 861 1645 attingere
879 1582 978 1625 susus
997 1569 1057 1625 est.
1104 1560 1216 1625 Rullus
1231 1559 1357 1625 exstitit
1380 1560 1434 1645 qui

234 1681 275 1723 ex
290 1680 328 1723 eo
342 1658 541 1744 possessione
554 1679 622 1721 rem
636 1658 795 1742 publicam
805 1659 997 1738 demoveret,
1007 1681 1049 1723 ex
1061 1680 1127 1745 que
1141 1680 1200 1723 nec
1217 1658 1435 1722 Gracchorum

234 1756 415 1841 benignitas
439 1776 510 1819 eam
532 1776 592 1819 nse
616 1754 723 1820 Sullae
745 1756 920 1821 dominatio
945 1756 1125 1841 dejecisset.
1181 1754 1307 1819 XXX.
1332 1756 1435 1837 Quem

234 1876 345 1940 agrurn
368 1874 452 1918 nunc
475 1862 714 1938 praetereuntes
732 1861 873 1918 veshum
898 1876 968 1919 esse
991 1854 1107 1931 dicitis,
1131 1860 1279 1939 siquem
1299 1875 1356 1939 per
1371 1852 1433 1917 iter

235 1952 289 2037 qui
311 1952 434 2016 iaciunt
456 1952 582 2015 externi
607 1952 751 2016 homiues
772 1960 914 2016 vestrum
938 1972 1007 2015 esse
1029 1952 1173 2027 audiunt,
1198 1950 1225 2015 ie
1249 1972 1347 2037 quum
1373 1950 1435 2014 erit

234 2050 361 2127 divisus,
380 2048 498 2135 [neque
520 2048 596 2133 erit]
621 2072 723 2136 neque
746 2058 852 2116 vester
873 2072 944 2115 esse
964 2050 1097 2115 dicetur.
1144 2050 1193 2114 At
1216 2050 1270 2135 qui
1291 2048 1434 2112 homines

235 2148 465 2233 possidebunt!
509 2148 618 2211 Primo
631 2149 759 2234 quidem
773 2170 871 2223 acres,
890 2150 932 2213 ad
946 2149 1010 2213 uim
1025 2148 1172 2234 prompti,
1188 2148 1229 2211 ad
1244 2148 1435 2212 seditionem

235 2246 349 2331 parati,
365 2246 418 2330 qui
434 2244 565 2310 simulac
580 2246 747 2311 decemviri
762 2247 1003 2332 concrepuerint
1016 2246 1130 2311 armati
1146 2247 1177 2309 in
1193 2244 1278 2309 cives
1291 2252 1326 2309 et
1339 2265 1433 2327 expe-

235 2344 295 2409 diti
317 2346 358 2408 ad
378 2345 510 2409 eaedem
530 2366 601 2409 esse
623 2344 754 2429 possint.
800 2344 924 2409 Deinde
946 2345 987 2408 ad
1009 2364 1137 2429 paucos,
1154 2342 1268 2427 opibus
1283 2348 1317 2405 et
1332 2340 1433 2425 copiis

234 2443 409 2519 affluentes,
436 2450 541 2507 totum
563 2461 674 2527 agrum
695 2442 890 2526 Campanum
912 2440 1044 2526 perferri
1066 2440 1223 2504 videbitis.
1269 2438 1373 2502 Vobis
1387 2438 1434 2501 in·

233 2547 331 2615 terea,
354 2540 408 2624 qni
431 2538 500 2602 illas
518 2560 539 2602 a
560 2539 732 2623 majoribus
754 2538 982 2623 pulcherrimas
1001 2538 1202 2622 vectigalium
1221 2536 1315 2601 sedes
1336 2535 1435 2599 armis

233 2644 346 2723 captas
364 2636 543 2721 accepistis,
560 2636 653 2720 gleba
673 2636 759 2700 nulla
781 2637 821 2701 de
841 2634 983 2721 paternis
997 2641 1094 2722 etque
1116 2634 1210 2699 avitis
1225 2633 1434 2722 possessioni·

233 2738 294 2801 bus
308 2734 511 2820 relinquetur.
556 2735 606 2799 At
618 2742 747 2800 tentum
767 2735 914 2798 intererit
936 2733 1019 2797 inter
1032 2741 1171 2798 vestram
1185 2741 1220 2798 ei
1234 2733 1431 2819 privatorum

232 2916 283 2964 thie
293 2915 442 2963 menses
452 2909 587 2972 delivered3
604 2915 702 2963 endtbe
708 2915 816 2963 Romam
847 2913 888 2962 No
904 2913 1022 2976 lsngosge
1036 2913 1144 2962 mntnine
1157 2913 1205 2960 lese
1221 2927 1335 2976 eocurecy
1345 2913 1371 2960 in
1387 2913 1430 2960 the

234 2980 541 3042 eouldbevegotnotlring
557 2985 598 3042 yet
610 2980 672 3028 troni
688 2981 731 3027 the
746 2980 816 3027 hnds
847 2980 913 3027 idess
933 2979 1045 3026 sttecbed
1066 2983 1092 3026 to
1112 2991 1208 3041 possess
1224 2977 1272 3025 end
1293 2978 1430 3039 massica

234 3045 347 3105 oiSyrie
381 3045 815 3107 ButtbetisnoreeeonshyCieero
847 3045 908 3092 than
924 3057 969 3091 our
984 3059 1039 3090 ovn
1056 3043 1116 3104 legal
1131 3044 1254 3104 hume,
1266 3041 1430 3090 wbiohbthe

235 3109 589 3171 mightnotepeekeslredid.
621 3109 817 3157 'lbecorrection
849 3108 1145 3170 languegeoiconfusion.

235 3175 398 3236 isingenioes,
410 3175 456 3222 end
468 3189 523 3236 rney
534 3174 564 3221 be
574 3174 699 3222 defended.
884 3177 923 3222 ilo.
941 3178 965 3220 et
981 3187 1051 3235 qsem
1060 3187 1108 3234 per
1124 3171 1184 3232 iter]
1204 3171 1234 3218 li.
1267 3169 1320 3219 'l'be
1333 3169 1432 3232 reedlny

269 3241 339 3287 bellis
349 3239 476 3300 Mutum]
495 3238 682 3300 “Notexposed
693 3245 719 3286 to
729 3237 816 3285 ΜΡ
849 3238 877 3286 oi
894 3238 922 3286 Β.
943 3237 973 3286 G.
983 3245 1023 3285 ‘et
1036 3251 1109 3300 quem
1125 3235 1227 3298 periter'
1241 3237 1261 3284 ls
1274 3235 1398 3297 obviously
1417 3249 1433 3282 e

236 3303 290 3350 Tse
308 3304 466 3365 producetoo
481 3305 646 3362 moenein3
669 3317 715 3350 nor
732 3317 780 3350 ves
797 3303 819 3350 lt
849 3301 960 3350 blunder.
1006 3302 1099 3354 ‘Quem
1121 3301 1179 3364 per'
1200 3301 1222 3348 is
1240 3305 1285 3349 not
1303 3300 1346 3348 the
1364 3299 1433 3347 usual

238 3369 379 3429 exposedto
393 3367 691 3430 queheumiteenm)
702 3368 764 3414 horn
774 3367 819 3414 the
850 3368 937 3424 orders
953 3367 1044 3416 butue
1060 3363 1288 3428 heivqnedere:
1300 3363 1432 3428 ‘quernob

237 3433 380 3480 vatheos
393 3434 436 3481 the
446 3434 568 3480 situation.
602 3433 685 3482 clean
701 3433 766 3494 gives
775 3433 819 3480 the
851 3431 976 3488 amcam?
995 3432 1043 3479 end
1060 3432 1129 3480 other
1145 3431 1193 3478 like
1209 3431 1366 3494 expressione.
1410 3427 1436 3478 li

238 3499 350 3559 meaning
370 3498 399 3545 oi
415 3498 569 3545 ‘calamites’
588 3499 614 3546 in
628 3499 732 3546 mother
748 3497 817 3560 plsee
849 3497 933 3546 cioero
945 3495 991 3544 hed
1000 3495 1050 3544 said
1063 3501 1149 3559 ‘quem
1160 3495 1310 3558 peregrum,'
1321 3496 1341 3542 ie
1352 3493 1431 3542 would

238 3559 305 3624 (Vol.
318 3562 338 3609 1.
348 3563 416 3610 Verr.
427 3563 452 3609 ii.
464 3565 488 3610 3.
499 3578 521 3609 c.
532 3562 586 3624 98).
849 3567 896 3610 net'
904 3577 968 3609 seem
980 3567 1092 3622 etrenger
1109 3561 1155 3608 end
1168 3559 1282 3622 ‘agrum'
1295 3575 1349 3620 may
1355 3560 1433 3607 either

270 3641 300 3672 eu
313 3627 474 3688 mose]
494 3626 647 3674 ‘Possessio'
666 3625 817 3674 nmmum
848 3626 981 3674 berebeen
992 3625 1101 3680 omitted,
1112 3625 1170 3672 orit
1182 3625 1259 3672 would
1271 3624 1301 3672 be
1317 3639 1349 3670 no
1365 3629 1434 3686 great

236 3690 379 3750 osnership,
396 3690 425 3738 oi
442 3691 521 3737 which
541 3691 584 3737 tbe
602 3691 709 3738 estserd
726 3691 778 3750 sign
795 3691 817 3736 is
849 3691 941 3752 change
951 3695 977 3738 to
988 3690 1090 3737 hene&
1101 3689 1149 3736 this
1164 3689 1230 3735 word
1245 3689 1306 3735 from
1323 3689 1355 3734 its
1367 3689 1433 3748 place

238 3753 392 3814 ‘possessio'
403 3755 428 3800 in
436 3755 479 3800 the
490 3755 554 3814 plain
566 3769 649 3811 sense;
667 3755 710 3800 the
720 3753 819 3814 holding
851 3755 912 3801 efter
923 3755 964 3800 the
975 3756 1028 3800 hrst
1038 3751 1138 3814 ‘queem'
1145 3753 1193 3798 end
1202 3757 1247 3813 put
1254 3753 1274 3798 it
1284 3751 1345 3797 ester
1357 3751 1431 3812 ‘pen’

238 3817 287 3865 end
305 3817 425 3878 enioying,
444 3818 492 3864 end
510 3818 636 3878 exeluding
655 3818 736 3864 others
757 3818 819 3863 from
850 3818 904 3864 The
925 3817 1002 3864 words
1018 3823 1112 3878 ‘nque
1129 3813 1189 3862 erit'
1211 3829 1251 3861 ere
1267 3815 1325 3874 only
1346 3814 1371 3860 in
1390 3813 1433 3861 the

237 3881 337 3942 holding
347 3881 394 3927 end
404 3881 524 3942 enjoying.
556 3881 610 3927 ‘l'he
619 3895 710 3927 uneeeu
724 3885 779 3941 pert
794 3879 822 3926 oi
851 3881 940 3928 edition
952 3879 980 3927 oi
991 3880 1131 3941 lienegius.
1165 3877 1307 3939 Something
1319 3877 1339 3924 is
1355 3881 1432 3924 went-

238 3946 373 4006 osnership
383 3946 405 3993 is
415 3945 457 3992 the
467 3946 532 4006 right
542 3949 569 3992 to
584 3944 628 3991 tbe
641 3946 760 3991 exclusive
775 3959 819 3992 en·
851 3945 894 4006 ing
903 3945 978 3992 there

236 4011 347 4072 joyment
357 4010 385 4056 oi
393 4025 409 4057 e
419 4010 495 4070 thing.
528 4009 616 4070 hgeiu,
627 4008 696 4056 siben
711 4009 752 4055 the
762 4005 819 4055 leod
885 4010 975 4056 umuli
984 4009 1010 4054 ia
1021 4005 1096 4068 dere]
1116 4005 1234 4054 Cemrin
1245 4005 1283 4052 his
1294 4003 1432 4067 consulship

238 4075 301 4122 shall
318 4076 349 4123 be
365 4073 468 4129 disided,
487 4073 518 4120 be
535 4087 589 4134 eeys
607 4071 639 4136 (c.
654 4075 698 4132 3³)
715 4078 732 4100 ⁶⁴
739 4074 760 4119 it
772 4071 820 4118 sill
853 4087 903 4120 sc.
915 4075 947 4120 59
958 4069 1099 4119 distribuisti
1115 4070 1158 4118 the
1173 4070 1229 4116 land
1246 4069 1274 4117 oi
1287 4069 1433 4132 campsaim

238 4139 374 4186 neitherbe
385 4153 457 4201 youre
467 4137 712 4185 norwillitbecelled
720 4135 819 4198 yours.”
852 4137 901 4184 end
923 4137 951 4185 C.
971 4135 1084 4184 Octavius
1103 4135 1128 4182 iu
1147 4148 1196 4182 so.
1208 4137 1239 4183 sl
1256 4135 1332 4182 raised
1351 4141 1433 4194 troops

240 4205 281 4251 He
301 4205 359 4250 then
381 4203 454 4251 adds:
483 4201 556 4249 “But
582 4201 636 4250 who
657 4202 706 4248 will
726 4201 758 4248 be
777 4201 821 4248 the
853 4201 922 4248 tbere
939 4201 987 4248 end
1004 4199 1116 4248 merched
1130 4199 1189 4246 with
1210 4199 1276 4246 them
1294 4213 1326 4245 on
1347 4198 1433 4246 some.

239 4265 560 4330 osnere(poseidebnnt)?”
593 4265 821 4313 'lhelionienebed
854 4264 1003 4328 (Cicein,Ad
1016 4265 1126 4312 Attrvi.
1140 4265 1199 4320 Μ,
1214 4265 1252 4320 ll,
1265 4265 1310 4319 ls;
1329 4262 1431 4324 Philipp.

240 4333 379 4380 noverbto
392 4347 489 4394 express
502 4331 637 4392 ovnerehip
653 4338 738 4392 except
751 4339 821 4392 ⁴p0e·
853 4331 887 4377 iii.
910 4329 946 4390 ἱ.)
991 4329 1076 4378 Cicero
1097 4343 1144 4376 ses
1167 4327 1253 4390 clearly
1275 4327 1371 4389 enough
1391 4327 1434 4374 the
1499 4321 1505 4347 ¹

239 4397 333 4451 sidere,’
351 4396 471 4454 ‘habere'
490 4393 602 4443 ‘tenere’
635 4395 756 4442 Coniueed
775 4409 819 4441 no·
851 4394 962 4442 miscbiel‘
970 4393 1024 4441 that
1034 4393 1112 4455 might
1122 4393 1224 4455 heppen.

240 4463 305 4509 tione
315 4462 390 4510 about
399 4461 442 4508 the
455 4459 675 4522 word‘poen‘dere’
687 4460 747 4507 heve
757 4459 819 4506 been
884 4461 920 4507 Ar
931 4458 1130 4519 lantum-qsod,
1142 4455 1228 4518 quum]
1249 4455 1261 4503 l
1279 4469 1318 4503 see
1335 4469 1367 4503 no
1383 4467 1435 4502 ree·

239 4526 381 4574 introduced
387 4527 453 4574 since
461 4525 548 4588 people
559 4525 668 4585 begsnto
677 4523 821 4572 diemeetbe
852 4537 896 4571 son
913 4523 950 4570 ior
961 4521 1063 4570 Beiter's
1077 4525 1093 4550 ‘¹
1101 4523 1136 4570 st
1150 4519 1434 4581 tentum-diligendam.

242 4591 389 4653 ‘pundo'
407 4590 435 4639 oi
449 4591 492 4639 the
507 4589 602 4638 hrum
616 4588 683 4652 Ager
698 4588 819 4638 Publicus·
853 4587 978 4640 Quirites?
1011 4587 1106 4636 Cunus
1126 4583 1283 4648 majoribus‚''
1306 4587 1366 4633 &cr
1391 4597 1436 4630 nor
