3517 5325
692 465 793 533 cAP.
817 470 955 534 26-28.
1382 476 1425 541 47

221 650 416 710 soranum,
443 653 480 696 1n
512 652 637 699 sarnum
663 654 889 703 cusronrsur.
947 660 1036 706 anon
1066 660 1138 705 sorr
1168 661 1359 721 sorranus,
1388 665 1424 707 m

221 750 386 827 aurnuns
407 751 452 793 nr
473 752 656 795 nannenus
681 755 828 800 rncnnrr.
875 736 960 815 Quid
981 740 1073 801 tum?
1116 740 1423 825 norrmnminquit,

222 846 373 889 ruvirum
402 848 610 893 perennare
638 851 708 893 mou
736 853 877 897 rnacnr.
938 833 1023 897 Eum
1048 834 1153 919 ipsum
1179 836 1233 921 qui
1258 838 1426 901 fraudandi

221 945 336 987 caussa
360 924 488 999 latitet;
527 948 601 989 eum
626 926 729 1012 ipsum
755 950 849 1013 quem
877 930 997 1014 judicio
1022 953 1115 995 nemo
1140 933 1313 1007 defendat;
1352 957 1426 999 eum

221 1020 326 1105 ipsum
350 1020 402 1105 qui
427 1043 497 1084 cum
519 1023 663 1087 omnibus
689 1026 900 1090 creditoribus
920 1027 987 1091 suis
1009 1028 1091 1091 male
1115 1036 1201 1112 agat,
1227 1030 1363 1095 invitum
1385 1033 1425 1097 de

220 1118 350 1203 praedio
375 1119 501 1183 detrudi
524 1127 624 1185 vetat.
670 1122 891 1189 Proficiscenti
912 1126 972 1190 tibi
991 1126 1025 1189 in
1044 1127 1275 1209 possessionem
1296 1138 1426 1213 praetor

222 1216 300 1301 ipse,
324 1216 399 1279 Sex.
422 1216 532 1292 Naevi,
550 1218 654 1302 palam
679 1219 775 1283 dicit:
800 1220 845 1284 ita
860 1222 1034 1305 possideto,
1055 1230 1093 1287 ut
1111 1230 1221 1288 tecum
1241 1225 1334 1289 simul
1353 1248 1425 1309 pos·

221 1314 325 1377 sideet
341 1314 507 1393 Quintius:
532 1314 579 1379 ita
598 1316 769 1399 possideto,
786 1324 824 1382 ut
844 1318 976 1398 Quintio
995 1318 1043 1383 vis
1068 1341 1109 1383 ne
1134 1320 1294 1386 afferatur.
1340 1323 1425 1402 Quid

221 1418 257 1473 tu
272 1410 313 1487 id,
329 1410 591 1495 quemadmodum
613 1412 782 1476 observas?
828 1412 930 1478 Mitto
955 1414 1032 1478 illud
1054 1415 1168 1492 dicere,
1191 1438 1264 1481 eum
1286 1418 1340 1503 qui
1361 1440 1425 1482 uon

220 1506 365 1581 latitarit,
381 1506 431 1571 cni
447 1507 569 1571 Romae
584 1508 706 1585 domus,
723 1532 813 1587 uxor,
829 1510 931 1587 liberi,
947 1519 1137 1595 procurator
1151 1520 1256 1588 esset;
1282 1536 1355 1577 eum
1370 1516 1424 1599 qui

220 1604 281 1669 tibi
296 1605 506 1669 vadimonium
528 1628 591 1670 non
613 1606 825 1673 deseruisset:
850 1609 931 1672 haec
953 1609 1060 1672 omnia
1080 1609 1187 1673 mitto.
1233 1610 1317 1674 Illud
1339 1612 1422 1689 dico,

220 1702 381 1767 domiuum
396 1704 563 1787 expulsum
585 1725 655 1767 esse
678 1706 718 1768 de
741 1705 890 1789 praedio;
916 1705 1043 1769 domino
1057 1728 1078 1769 a
1092 1706 1211 1771 familia
1231 1728 1290 1772 sua
1312 1730 1425 1773 manns

220 1798 335 1865 allatas
350 1822 420 1863 esse
434 1807 510 1865 ente
524 1822 600 1865 suos
617 1801 717 1865 Lares
732 1801 912 1866 familiares.
958 1802 1033 1867 Hoc
1047 1803 1129 1867 dico.

523 1898 542 1937 a
715 1900 735 1938 a
909 1903 930 1941 a
1104 1901 1123 1941 ι

265 1994 446 2059 XXVIII.
492 1998 534 2037 '⁶
545 1995 700 2059 Naevium
713 2018 754 2061 ne
773 1998 949 2082 appellasse
971 1998 1100 2083 quidem
1124 1996 1301 2077 Quintium,
1326 2022 1424 2085 quum

219 2092 313 2156 simul
338 2101 434 2169 esset,
456 2093 591 2178 experiri
610 2100 720 2178 posset
743 2095 905 2178 quotidie3
930 2096 1044 2159 deinde
1067 2095 1153 2180 quod
1176 2096 1283 2159 omnia
1304 2096 1424 2180 judicia

220 2190 402 2253 difficillima
416 2212 488 2254 curn
504 2212 627 2254 summa
648 2212 707 2253 sua
729 2191 846 2256 invidia
871 2194 1073 2277 maximoque
1088 2192 1230 2276 periculo
1245 2192 1285 2257 P.
1302 2194 1424 2272 QuIntii

220 2286 288 2350 lieri
303 2286 412 2351 mallet
426 2309 520 2373 quam
535 2288 611 2351 illud
626 2288 844 2373 pecuniarium
859 2290 1022 2372 judicium,
1039 2289 1124 2372 quod
1143 2310 1207 2351 uuo
1221 2288 1272 2352 die
1286 2290 1423 2375 transigi

220 2392 350 2469 posset;
372 2407 412 2448 ex
425 2408 487 2470 quo
498 2407 561 2449 nno
571 2386 651 2449 haec
666 2386 772 2448 omnia
784 2392 861 2449 nata
872 2396 907 2450 et
922 2386 1066 2471 prolecta
1076 2406 1148 2449 esse
1157 2386 1313 2449 concedit.
1353 2388 1424 2465 Quo

220 2482 253 2544 iu
275 2482 345 2546 loco
367 2483 581 2547 conditionem
603 2482 670 2559 ruli,
687 2482 715 2545 si
737 2482 833 2547 vellet
854 2482 1020 2567 pecuniam
1042 2488 1162 2566 petere,
1191 2480 1231 2546 P.
1259 2480 1425 2560 Quintium

216 2580 396 2664 judicatum
411 2580 489 2644 solvi
512 2580 749 2657 satisdatnmm,
767 2579 841 2643 dum
862 2580 942 2665 ipse,
959 2579 986 2643 si
1008 2580 1084 2665 quid
1105 2585 1241 2666 peteret,
1258 2579 1328 2664 pari
1348 2602 1424 2645 con·

219 2677 339 2742 ditione
354 2685 511 2742 uteretur.

264 2776 400 2839 Ostendi
414 2797 507 2859 quem
519 2774 620 2838 multa
634 2781 709 2838 ante
723 2774 792 2836 lieri
807 2774 989 2838 convenerit
1003 2795 1096 2858 qnam
1111 2774 1248 2838 hominis
1258 2775 1425 2860 propinqui

220 2873 305 2936 bona
334 2871 489 2957 possideri
519 2871 778 2956 postularentur;
817 2870 1005 2956 praesertim
1034 2893 1130 2955 quum
1160 2871 1283 2936 Romae
1312 2874 1424 2936 domus

220 2971 299 3052 ejus,
317 2989 407 3046 uxor,
424 2968 514 3032 liberi
529 2975 645 3044 essent,
662 2981 696 3031 et
713 2973 902 3052 procurator
916 2987 1015 3052 aeque
1029 2967 1195 3052 utriusque
1212 2970 1422 3033 necessarius.

220 3065 335 3142 Donni,
352 3087 451 3150 quum
466 3065 627 3129 desertum
643 3088 713 3130 esse
731 3065 818 3129 dicat
831 3062 1053 3141 vadimonium,
1070 3065 1197 3128 omnino
1212 3065 1424 3130 vadimonium

219 3165 341 3227 nullum
355 3163 472 3236 luisse;
498 3184 561 3249 qno
576 3162 626 3226 die
641 3164 725 3227 hunc
740 3163 799 3226 sibi
815 3162 998 3247 promisisse
1014 3162 1109 3236 dicat,
1127 3185 1165 3225 eo
1180 3163 1231 3226 die
1246 3185 1286 3226 ne
1302 3163 1423 3227 Romae

220 3261 349 3347 quidem
364 3283 436 3324 eum
450 3259 565 3325 luisse:
591 3260 623 3324 id
638 3261 774 3325 testibus
789 3282 840 3324 me
852 3257 1011 3344 pollicitus
1025 3281 1097 3322 sum
1111 3257 1239 3344 planum
1253 3259 1421 3334 facturum,

222 3359 276 3444 qui
299 3365 333 3422 et
353 3358 434 3422 scire
458 3359 612 3422 deberent
634 3365 668 3422 et
694 3379 839 3422 caussam
865 3379 923 3420 cnr
941 3355 1153 3420 mentirentur
1173 3379 1237 3419 non
1260 3357 1422 3420 haberent.

171 3533 173 3538 Ι
223 3455 275 3519 Ex
290 3455 395 3519 edicto
413 3463 520 3519 autem
543 3477 605 3518 non
627 3455 767 3540 potuisse
793 3455 877 3518 bona
903 3453 1056 3538 possideri
1077 3453 1312 3528 demonstravi3
1338 3455 1423 3539 quod

221 3549 322 3637 neque
336 3553 501 3616 fraudandi
517 3573 630 3616 caussa
643 3551 788 3616 latitasse
808 3571 911 3636 neque
930 3551 1031 3613 exsilii
1046 3572 1159 3615 caussa
1173 3550 1275 3614 solum
1290 3552 1423 3616 vertisse

253 3735 333 3783 There
355 3736 377 3782 la
399 3749 414 3782 s
438 3735 517 3782 delent
546 3735 572 3781 In
601 3734 645 3781 the
677 3733 751 3781 Mas,
777 3733 806 3780 of
835 3737 941 3781 tosurne
955 3733 1026 3792 ming
1040 3733 1189 3780 thatCIcaro
1204 3732 1255 3780 sald
1271 3732 1336 3780 luere.
1368 3732 1423 3779 Tne

222 3800 306 3848 Cicero
317 3799 377 3846 alter
392 3800 436 3846 tlrs
450 3799 529 3846 worda
547 3799 616 3846 ‘Hoc
633 3798 703 3853 dlco,'
721 3798 804 3845 forare
836 3812 936 3858 pesam
951 3797 980 3844 ol
999 3797 1090 3857 Ulpian
1105 3798 1141 3844 Is:
1171 3797 1294 3844 ‘latitare
1309 3801 1346 3842 eat
1363 3811 1421 3850 uon,

221 3863 282 3910 have
296 3870 341 3910 not
357 3865 398 3910 the
414 3869 551 3924 arguments
566 3863 592 3909 In
609 3865 710 3924 support
720 3861 804 3908 estha
835 3867 864 3907 ut
875 3861 960 3908 Cicero
975 3861 1068 3914 definit.
1079 3861 1158 3920 turpia
1174 3859 1302 3906 occultatio
1313 3856 1366 3914 anI,'
1378 3862 1422 3905 aa

221 3929 286 3975 dalrd
302 3929 330 3974 ol
343 3929 384 3975 tlra
400 3929 467 3975 three
482 3929 563 3988 things
575 3927 653 3973 whlelr
665 3927 748 3974 Cloero
759 3939 804 3971 un·
836 3925 890 3971 The
901 3924 973 3969 latter
983 3929 1037 3983 part
1049 3923 1077 3969 ol
1091 3924 1189 3983 chapter
1200 3925 1241 3975 29.
1259 3921 1363 3968 ‘Omnia
1378 3935 1422 3966 au·

220 3991 322 4039 dartoolr
342 3997 369 4040 to
385 4007 471 4053 prover
492 3992 534 4038 the
556 3995 633 4051 ‘nego
655 3988 803 4051 posadum·
836 3993 887 4034 tem
899 3987 969 4036 bons.
981 3984 1424 4044 &c'ahorrstlsatsumetlllngislost

222 4054 255 4120 (c.
269 4058 319 4117 lo).
355 4057 479 4103 llotmann
490 4070 544 4116 says
555 4055 608 4102 tlrat
623 4054 654 4100 ha
665 4054 806 4100 hadaeena
837 4052 899 4098 alter
910 4051 951 4096 tlre
962 4049 1009 4095 end
1020 4049 1077 4094 olc.
1088 4049 1130 4103 27.
1190 4110 1195 4121 .
1300 4110 1306 4122 ⁰

220 4119 286 4176 MS..
299 4125 344 4168 not
359 4135 415 4181 very
432 4120 481 4176 old,
497 4119 556 4166 with
571 4118 613 4164 tha
630 4117 751 4176 following
766 4131 804 4162 re·
870 4117 910 4162 28.
928 4114 1011 4162 Cicero
1019 4113 1044 4159 iu
1053 4109 1424 4171 tmuegInmmftuuchepte

221 4185 289 4230 mark
311 4199 377 4246 upon
394 4184 443 4230 alula
461 4197 560 4243 passage
581 4195 613 4227 on
632 4181 674 4228 the
695 4180 804 4240 margin:
837 4179 927 4239 merely
939 4191 993 4238 says
1003 4176 1068 4222 what
1078 4176 1110 4221 he
1120 4176 1164 4222 luas
1174 4174 1224 4221 said
1236 4174 1325 4220 belota

221 4249 287 4295 ‘llic
301 4250 326 4295 ln
342 4253 436 4296 vetusto
452 4245 581 4307 exemplari
601 4245 649 4291 duo
665 4245 722 4290 Iolla
737 4247 806 4290 erant
866 4238 1208 4303 poeaiderlpaslularealarr]
1227 4238 1422 4298 ‘poalalmlare

219 4311 341 4360 abscissa!
839 4307 874 4353 Pl.
889 4303 1081 4367 (retenturam
1100 4303 1189 4349 Keller.
1230 4300 1331 4348 Idonbt
1346 4301 1367 4348 is
1380 4302 1423 4350 the

254 4377 279 4423 It
290 4376 333 4422 has
344 4375 405 4423 been
422 4371 575 4434 conjectured
585 4371 639 4418 that
649 4371 733 4418 Cicero
744 4375 808 4417 went
840 4383 954 4417 common
964 4373 1025 4423 text,
1037 4365 1248 4427 ‘postulassem'
1260 4366 1281 4412 Is
1293 4365 1372 4412 latin.

219 4453 251 4487 on
263 4445 289 4487 to
300 4440 366 4486 show
378 4439 431 4486 that
440 4436 658 4490 QqutIushadnut
665 4434 705 4482 hid
713 4433 810 4480 himself
873 4434 954 4480 sacilli
965 4445 1058 4485 emate.
1071 4430 1128 4493 tra]
1165 4429 1261 4476 ‘Solum
1278 4429 1385 4476 vertere'
1401 4430 1423 4476 ia

218 4503 281 4550 from
293 4503 331 4551 his
342 4503 473 4558 (reditum
489 4501 536 4549 sud
547 4501 602 4548 that
616 4499 658 4546 the
672 4512 771 4560 passage
783 4495 811 4544 ol
839 4497 883 4544 the
903 4509 1015 4542 common
1033 4495 1170 4556 expression
1188 4493 1227 4542 sor
1242 4493 1337 4554 haring
1354 4494 1423 4540 ouc’e

219 4567 310 4630 Ulpiae
322 4567 390 4632 (mg.
398 4569 438 4616 42.
445 4569 469 4616 ⁴.
479 4568 502 4622 7.
514 4564 563 4630 5⁴)
572 4578 627 4626 may
638 4563 698 4612 leave
705 4561 809 4610 referred
840 4563 951 4622 conam.
993 4558 1056 4606 Itis
1070 4558 1197 4622 explained
1209 4558 1242 4622 by
1260 4557 1344 4606 Cicera
1363 4556 1423 4620 (Pro
