3517 5325
728 491 832 558 OAP.
853 496 991 560 :to-32.
1400 501 1465 564 235

261 684 324 750 ego
338 662 399 728 sim
412 685 434 728 a
447 662 514 728 tuis
527 661 661 728 aedibus
675 661 830 748 dejectus,
847 664 974 730 restitui
988 687 1051 730 non
1074 671 1244 752 oportere;
1268 667 1295 732 si
1319 667 1387 754 ipse
1409 668 1463 750 sis,

262 769 420 847 oportere.
466 760 608 824 Numera
622 781 717 846 quam
731 761 833 826 mults
856 761 888 825 in
911 763 975 828 ista
996 762 1178 828 defensione
1192 765 1272 830 falsa
1286 766 1360 842 sint,
1379 767 1465 832 Piso.

264 859 316 924 Ac
341 859 478 944 primum
500 858 575 922 illud
599 859 740 936 attende,
767 866 802 923 te
822 859 892 943 jam
916 881 957 924 ex
977 859 1030 924 illa
1053 861 1177 926 ratione
1200 884 1270 928 esse
1291 864 1463 948 depulsum,

263 957 348 1042 quod
362 957 503 1042 negabas
516 977 705 1041 quemquam
719 955 813 1040 dejici
834 977 938 1042 posse,
955 957 1015 1022 nisi
1030 957 1104 1024 inde
1118 959 1172 1024 ubi
1187 967 1256 1024 tum
1271 968 1376 1025 esset:
1397 963 1466 1045 jam

263 1077 358 1140 posse
380 1053 545 1128 concedis;
570 1073 644 1118 eum
667 1053 721 1140 qui
743 1075 808 1118 non
828 1055 994 1138 possideat
1014 1077 1112 1142 negas
1133 1057 1233 1141 dejici¹
1249 1079 1355 1142 posse.
1401 1061 1467 1123 tius

264 1174 343 1238 ergo
356 1160 414 1216 aut
428 1151 461 1215 in
480 1151 557 1216 illud
579 1151 798 1236 quotidianum
820 1151 1027 1217 interdictum
1051 1174 1144 1218 usus
1169 1175 1250 1218 rsus
1274 1177 1324 1218 nn
1350 1177 1385 1218 vr
1407 1177 1465 1219 un-

264 1271 364 1316 sacru
390 1249 519 1314 additur
543 1271 640 1317 suun
664 1271 732 1312 noo
755 1269 982 1328 rossrnssnn,
998 1251 1025 1315 si
1049 1251 1142 1336 dejici
1164 1274 1257 1316 neno
1280 1259 1389 1338 potest
1412 1253 1466 1338 qui

264 1369 328 1412 non
341 1347 504 1434 possidets
528 1354 586 1412 aut
607 1346 640 1410 in
660 1347 721 1411 hoc
736 1345 942 1412 interdictum
959 1369 1003 1412 ns
1020 1369 1213 1412 soursrsus
1230 1371 1387 1412 nauseis
1402 1373 1466 1414 non

263 1446 404 1521 additur,
419 1444 447 1507 si
462 1451 591 1530 oportet
606 1444 722 1529 quaeri,
739 1443 919 1529 possederit
933 1447 1054 1510 necnei
1099 1445 1209 1532 Negas
1224 1447 1317 1530 dejici
1336 1446 1396 1512 nisi
1412 1447 1466 1532 qui

264 1543 437 1628 possideat.
482 1541 638 1616 Ostende,
654 1540 682 1605 si
696 1539 765 1604 sine
786 1542 919 1606 armatis
942 1542 1101 1607 coactisve
1120 1542 1300 1608 hominibus
1323 1544 1467 1628 dejectus

265 1641 420 1727 quispiam
433 1639 485 1716 sit,
502 1661 575 1704 eum
596 1639 650 1724 qni
672 1638 814 1704 fateatur
836 1660 872 1704 se
894 1639 1048 1724 dejecisse
1063 1639 1190 1706 vincere
1211 1642 1422 1727 sponsionem,
1438 1642 1466 1708 si

265 1738 416 1804 ostendat
437 1757 510 1800 eum
534 1759 600 1800 non
623 1736 811 1822 possedisse.
868 1736 978 1823 Negas
1000 1737 1094 1822 dejici
1120 1738 1181 1802 nisi
1210 1739 1263 1826 qui
1292 1741 1465 1825 possideat.

267 1836 412 1900 Ostende
427 1855 468 1898 ex
482 1834 543 1898 hoc
558 1833 732 1899 interdicto
751 1855 796 1898 nn
820 1853 979 1898 suusrrs
1002 1855 1206 1912 nonnosus,
1223 1837 1276 1924 qui
1299 1839 1401 1922 possit
1415 1861 1466 1903 os-

265 1933 395 1998 tendere
420 1953 484 1996 non
508 1932 686 2016 possedisse
711 1953 785 1996 eum
805 1932 861 2017 qui
885 1933 1030 2018 dejectus
1053 1933 1106 2012 sit,
1132 1935 1334 2000 condemnari
1358 1945 1466 2001 tanmn

265 2029 444 2116 sponsionis
457 2051 585 2093 necesse
600 2051 680 2108 esse,
696 2029 724 2094 si
737 2030 879 2094 fateatur
898 2053 968 2096 esse
991 2032 1162 2116 dejectum.
1208 2033 1374 2100 XXXII.
1398 2035 1466 2100 Du·

265 2129 388 2214 pliciter
402 2127 546 2192 homines
560 2127 761 2212 dejiciuutur,
782 2136 840 2193 aut
860 2129 930 2194 sine
952 2129 1074 2196 coactis
1095 2130 1266 2196 armatisve
1288 2131 1466 2196 hominibus

265 2235 324 2292 aut
337 2249 394 2312 per
407 2226 563 2310 ejusmodi
577 2226 733 2291 rationem
747 2233 846 2310 atque
860 2227 934 2291 vim.
979 2227 1034 2290 Ad
1050 2229 1129 2292 duas
1143 2227 1311 2293 dissimiles
1332 2251 1383 2294 res
1403 2230 1466 2294 duo

266 2324 409 2409 dijuncta
422 2325 593 2390 interdicta
607 2331 695 2388 sunt.
741 2322 780 2386 ln
794 2323 848 2388 illa
861 2324 893 2388 vi
908 2325 1093 2410 quotidiana
1114 2347 1177 2390 non
1199 2325 1280 2392 satis
1301 2335 1352 2392 est
1373 2349 1467 2412 posse

266 2422 379 2486 ducere
393 2443 428 2488 se
448 2423 620 2506 dejectum,
634 2421 695 2486 nisi
709 2420 879 2486 ostendere
895 2421 997 2506 possit
1012 2443 1107 2506 quum
1129 2423 1307 2508 possideret
1328 2433 1397 2489 tum
1412 2425 1466 2490 de-

261 2520 395 2605 jectum.
439 2519 490 2584 Ne
503 2519 537 2582 id
551 2519 677 2604 quidem
693 2517 773 2582 satis
787 2525 848 2597 est,
859 2519 921 2582 nisi
936 2518 1031 2584 docet
1045 2519 1091 2584 ita
1105 2541 1140 2584 se
1154 2519 1340 2606 possedisse,
1357 2529 1394 2588 ut
1408 2543 1466 2587 neo

297 2718 335 2766 si.
348 2717 397 2763 ss'ss‘
403 2713 662 2775 Μάρσοι]
675 2712 729 2761 The
736 2726 849 2761 common
882 2712 939 2761 read
950 2712 1009 2761 both
1021 2714 1078 2763 here
1093 2715 1141 2763 sud
1161 2716 1185 2763 in
1201 2730 1222 2764 c.
1234 2718 1267 2767 82
1280 2718 1384 2767 ‘vincere
1395 2734 1467 2781 spon·

264 2786 318 2828 text
328 2782 365 2827 iss
384 2783 399 2806 “
409 2778 455 2825 nisi
465 2779 507 2840 qui
523 2792 553 2825 es
567 2793 595 2825 eo
612 2778 665 2825 loeo
681 2777 768 2834 fuerit3
785 2792 850 2825 nunc
882 2778 974 2825 sionem
984 2778 999 2835 ς’
1017 2794 1051 2836 as,
1061 2794 1093 2825 on
1105 2780 1146 2828 the
1161 2780 1231 2827 other
1241 2780 1314 2839 hand,
1325 2784 1350 2830 in
1367 2784 1409 2831 tho
1421 2786 1467 2833 Pro

265 2846 308 2907 qui
318 2843 446 2907 possideat,
457 2858 512 2890 eum
529 2843 622 2889 etiamsi
637 2857 686 2889 non
697 2842 770 2889 fuerit
780 2857 810 2890 ex
821 2858 850 2890 so
883 2842 992 2899 Quintio,
1009 2859 1030 2891 c.
1043 2846 1082 2900 27,
1092 2859 1128 2891 we
1145 2845 1233 2906 rightly
1246 2847 1301 2893 resd
1322 2853 1380 2909 ‘ego
1395 2864 1467 2911 spon.

265 2911 327 2967 Ιοοο,
341 2908 410 2970 dejici
427 2923 497 2970 posse
511 2906 640 2965 ooncediss
656 2907 764 2969 eumqui
771 2906 848 2955 non.”
883 2908 950 2956 sione
968 2908 1113 2966 nussum·
1140 2908 1189 2957 sud
1211 2926 1246 2957 sve
1261 2912 1346 2959 should
1365 2914 1467 2975 perhaps

265 2976 310 3025 &a
345 2972 564 3033 lharegirenthe
579 2978 632 3019 test
647 2986 674 3017 ss
690 2973 710 3020 it
725 2972 808 3019 stands
823 2972 850 3021 iu
883 2988 1005 3021 evennosv
1016 2974 1469 3036 vrita‘vinceresponsionem'inour

265 3040 355 3096 Baiter,
366 3038 420 3085 svho
431 3038 475 3085 hss
484 3036 594 3084 followed
607 3036 690 3089 Orelli,
702 3042 788 3098 except
797 3036 850 3085 that
883 3036 978 3099 mosch,
990 3038 1055 3085 since
1070 3038 1118 3087 this
1134 3040 1273 3087 distinction
1289 3056 1390 3103 appears
1401 3048 1426 3091 te
1438 3042 1469 3091 bs

265 3104 297 3153 he
318 3104 362 3151 has
388 3102 491 3150 omitted
507 3100 592 3149 ‘tum'
626 3100 724 3149 Orelli's
750 3106 804 3149 test
828 3102 850 3149 is
882 3102 933 3149 slso
950 3102 1137 3166 grammatically
1153 3104 1306 3163 established,
1325 3106 1416 3169 though
1427 3108 1468 3157 the

265 3166 372 3217 founded
390 3182 422 3215 on
439 3168 481 3215 the
503 3170 600 3226 corrupt
620 3165 718 3229 reading
740 3166 802 3213 ‘nisi
823 3167 849 3213 irs
881 3166 992 3227 readings
1014 3166 1042 3215 of
1060 3168 1102 3215 the
1128 3171 1288 3231 manuscripts
1304 3171 1391 3219 almost
1409 3188 1467 3219 oon·

266 3234 365 3281 dstr'sss
378 3248 428 3281 me
438 3233 512 3279 etium
522 3230 710 3293 pmseoomedis
717 3228 735 3288 5¹
752 3230 850 3279 sndthe
881 3232 971 3293 stsutly
983 3232 1070 3281 incline
1081 3238 1106 3280 to
1122 3234 1164 3287 the
1177 3234 1307 3283 abistive.''
1342 3236 1414 3285 Klots
1425 3238 1468 3285 hss

264 3298 407 3346 restoration
423 3296 444 3345 is
458 3297 591 3357 ingenious.
625 3295 850 3343 Butmecommon
882 3297 990 3345 ‘vincere
1008 3298 1154 3359 sponsione,’
1174 3298 1234 3347 both
1255 3300 1281 3349 in
1302 3300 1351 3349 this
1370 3303 1469 3365 chsptsr

265 3368 318 3410 tert
330 3378 385 3423 msy
397 3362 446 3409 still
456 3362 486 3409 be
497 3360 570 3422 right,
581 3360 619 3407 for
626 3358 688 3409 after
699 3366 744 3407 ‘ex
755 3375 783 3407 eo
800 3360 854 3407 loeo
887 3360 934 3407 and
946 3362 971 3408 iu
983 3377 1004 3408 c.
1017 3362 1057 3409 32.

266 3426 354 3475 fuerit’
371 3426 422 3473 itis
438 3441 494 3487 very
505 3440 560 3487 easy
578 3430 604 3472 te
620 3426 707 3487 supply
718 3424 797 3473 ‘unde
812 3424 854 3473 de·
920 3426 1261 3491 condecessor-bapstismus]
1304 3420 1364 3479 'l'his
1387 3445 1469 3479 means

263 3490 341 3553 jeetm
351 3491 428 3539 euet’
440 3506 468 3538 or
478 3490 558 3537 ‘unde
568 3488 726 3550 dejiceretur‚'
738 3504 764 3537 ss
776 3488 853 3537 Fsber
885 3488 939 3537 that
946 3490 989 3539 the
999 3504 1087 3553 person
1098 3493 1193 3553 against
1200 3494 1279 3542 whom
1290 3494 1332 3543 the
1341 3496 1470 3557 judgment

266 3556 385 3612 observes,
406 3554 445 3604 for
465 3554 523 3617 they
545 3554 606 3603 have
626 3552 688 3601 been
710 3552 769 3601 used
784 3553 852 3601 asten
884 3554 905 3602 is
916 3554 985 3617 given
997 3556 1040 3603 has
1051 3556 1121 3605 failed
1130 3556 1155 3603 in
1166 3557 1328 3621 the¹spousio
1337 3560 1352 3615 ς’
1370 3562 1470 3611 thathis

266 3620 370 3681 enough.
884 3620 1026 3669 affirmation
1040 3621 1065 3667 in
1076 3622 1118 3669 the
1134 3623 1259 3683 ‘sponsio'
1277 3638 1324 3671 sss
1343 3630 1387 3673 not
1407 3632 1469 3673 true.

300 3684 468 3746 qnotidianam
485 3680 666 3745 iaterdfcfsrs,]
685 3680 745 3731 'lhis
766 3682 787 3729 is
807 3682 851 3729 the
884 3684 1035 3731 ‘Damnsra’
1051 3686 1071 3732 is
1093 3686 1150 3733 thus
1170 3688 1227 3733 used
1243 3688 1334 3735 witha
1350 3692 1469 3749 genitivos

267 3748 436 3797 ‘interdictum
447 3747 526 3795 devi'
537 3762 564 3795 as
580 3746 686 3809 opposed
702 3752 729 3795 tc
745 3746 788 3793 the
799 3747 851 3794 ‘in-
885 3752 900 3774 ‘¹
911 3748 1060 3801 Quibusdam
1078 3750 1173 3809 judiciis
1197 3751 1304 3799 &nenati
1318 3754 1470 3812 ignominiosi

266 3811 582 3863 terdictumdevisrmsts!
617 3810 851 3859 Seethelnuoduc·
884 3812 962 3869 hunts
987 3812 1053 3861 velut
1072 3814 1137 3870 fruti,
1159 3814 1182 3861 vi
1200 3814 1318 3863 bonorum
1336 3822 1469 3877 raptorum,

265 3876 558 3925 submersisse.
572 3877 614 3926 las
633 3881 649 3903 ¹⁴
658 3874 688 3923 ds
707 3874 852 3939 quotidianis
884 3876 1024 3937 injurisrum
1037 3876 1053 3899 '’
1067 3878 1152 3935 (Gsiiss
1162 3878 1188 3925 ix
1206 3879 1272 3939 182).

266 3940 431 3990 criminibus.”
917 3943 956 3987 ³2.
975 3941 1096 4003 dijuncta]
1117 3941 1142 3988 It
1152 3956 1228 3987 seems
1245 3944 1299 3989 that
1314 3957 1346 3990 no
1359 3942 1414 3989 MS.
1427 3944 1470 3991 has

297 4010 394 4055 vinem
403 4004 574 4065 spondeant]
594 4003 620 4051 lt
636 4016 713 4051 seem
725 4003 780 4051 that
791 4002 851 4050 both
884 4002 1022 4065 ‘dijuncta,’
1031 4004 1116 4061 which,
1125 4005 1241 4061 however,
1250 4006 1270 4052 is
1276 4008 1390 4069 certainly
1397 4008 1469 4068 right.

266 4076 273 4099 ⁴
283 4073 376 4119 vincere
386 4068 538 4132 sponsionem
548 4068 554 4088 '
569 4067 618 4114 sud
634 4066 794 4128 ‘sponsione’
810 4080 852 4113 are
883 4066 936 4114 The
947 4068 1056 4128 readings
1067 4084 1107 4115 are
1119 4069 1258 4129 ‘dejuucta'
1271 4070 1318 4117 and
1331 4072 1469 4133 ‘sejuncta'

267 4136 347 4185 hein.
382 4136 427 4183 See
441 4132 488 4180 Pro
500 4132 526 4179 P.
539 4130 648 4187 Quintio,
660 4146 680 4177 c.
692 4132 734 4185 27.
767 4130 851 4178 Cicero
886 4130 910 4181 lt
929 4132 949 4179 is
963 4132 1073 4179 doubtful
1090 4132 1111 4179 if
1126 4133 1317 4195 ‘dejungsre'is
1334 4151 1349 4182 s
1368 4136 1470 4197 genuine

266 4199 443 4263 says⁴vineere
454 4195 578 4244 csusssmf
614 4194 850 4241 Klotshssthefol·
884 4196 957 4243 svord.

265 4266 354 4327 leving
372 4261 484 4311 remark:
514 4258 667 4317 “According
688 4264 715 4304 to
736 4258 778 4305 the
799 4259 852 4305 rule
917 4262 941 4307 ω’
952 4259 1107 4321 quotidiana]
1128 4260 1173 4309 See
1184 4261 1225 4309 the
1236 4268 1293 4311 note
1304 4279 1336 4313 on
1350 4264 1469 4314 Interdic-

266 4332 345 4391 tirmly
362 4324 507 4375 established
520 4324 552 4385 by
570 4323 613 4369 Pb.
631 4320 677 4369 Ed.
691 4320 814 4379 Huschke,
826 4324 852 4369 in
884 4328 937 4371 tum
949 4324 1130 4380 quotidianum,
1143 4340 1163 4373 c.
1174 4328 1211 4373 ³1.

267 4394 305 4441 his
313 4400 381 4441 notes
388 4408 420 4440 on
431 4390 474 4439 the
484 4386 624 4451 speechPro
636 4384 673 4433 Μ.
685 4384 774 4443 Tullio,
787 4390 800 4444 ἱ
812 4388 852 4442 30,
918 4388 1043 4437 ostssdm
1054 4390 1146 4451 possit]
1170 4388 1223 4437 The
1240 4390 1291 4439 llrf.
1309 4392 1352 4441 has
1369 4398 1469 4443 ‘osten-

266 4462 322 4507 tm
338 4458 448 4505 ‘vincere
459 4450 625 4516 sponsionem’
637 4465 686 4498 svss
696 4450 747 4497 said
763 4450 790 4498 of
804 4450 854 4497 him
888 4451 944 4499 dere
955 4452 1144 4513 potest.'-¹usc
1158 4454 1182 4501 ri
1198 4470 1242 4503 nec
1258 4456 1334 4505 clam’
1351 4462 1411 4507 &cr
1429 4475 1469 4509 see

266 4525 376 4571 whorvss
384 4518 530 4581 challenged,
538 4516 586 4565 snd
598 4516 704 4563 ‘sineere
710 4514 854 4577 sponsione’
888 4516 930 4565 the
940 4516 1032 4565 orsh'on
1045 4516 1090 4565 l’ro
1101 4516 1189 4567 Tullio.

266 4588 296 4639 ot
304 4588 354 4635 him
365 4587 419 4633 who
429 4600 489 4647 μισ
500 4582 542 4631 the
552 4580 682 4642 ambage,
689 4594 725 4628 sve
736 4578 812 4641 dught
827 4584 854 4627 to
