3517 5325
320 465 384 526 258
532 459 667 524 ORAT.
691 459 753 524 DE
779 459 984 524 IMPERIO
1008 459 1077 526 GN.
1102 460 1308 526 ΡΟΜΡΕΙΙ

321 639 419 698 tunae
444 631 534 696 vobis
560 653 654 696 curae
679 653 749 696 esse
774 632 912 696 debent:
943 633 1062 697 etenim
1078 633 1106 696 si
1129 633 1297 718 vectigalia
1319 655 1433 698 nervos
1449 654 1523 698 ease

320 729 367 794 rei
387 729 528 814 publicae
542 751 666 814 semper
688 730 844 806 duximus,
860 752 933 794 eum
949 739 1036 794 certe
1058 730 1210 807 ordinem,
1227 732 1281 816 qui
1302 739 1431 795 exercet
1455 732 1520 806 illa,

320 826 553 892 firmamentum
577 836 754 894 ceterorum
776 827 924 892 ordinum
945 834 1035 895 recte
1059 848 1129 892 ease
1152 828 1311 892 dicemus:
1344 829 1456 892 deinde
1478 851 1521 892 ex

321 925 436 989 ceteris
467 924 631 990 ordinibus
660 925 803 990 homines
831 925 905 990 navi
935 934 1032 1008 atque
1062 925 1210 988 industrii
1239 926 1356 1010 partim
1388 926 1450 1011 ipsi
1484 927 1520 989 in

321 1023 402 1085 Asia
420 1022 635 1107 negotiantur,
652 1023 765 1106 quibus
784 1045 841 1086 vos
858 1023 1044 1086 absentibus
1065 1023 1228 1088 consulere
1249 1023 1385 1101 debetis,
1401 1023 1520 1106 partim

242 1151 245 1156 Α
320 1140 429 1182 eorum
454 1119 487 1182 in
512 1142 550 1184 ea
573 1120 732 1204 provincia
758 1119 906 1205 pecunias
928 1143 1062 1205 magnas
1086 1121 1259 1186 collocatas
1282 1122 1410 1186 habent.
1455 1121 1521 1185 Est

259 1199 284 1216 κ
319 1215 417 1300 igitur
431 1217 638 1282 humanitatis
653 1227 777 1283 vestrae
792 1239 942 1302 nragnum
957 1240 1067 1282 eorum
1082 1219 1198 1283 civium
1211 1240 1377 1282 numerum
1395 1224 1399 1229 ’
1460 1221 1519 1284 mi-

320 1321 389 1380 tate
403 1315 589 1401 prohibere;
614 1316 787 1402 sapientiae
809 1315 915 1380 videre
936 1315 1107 1380 multorum
1121 1317 1237 1380 civium
1262 1316 1477 1382 calamitatem
1498 1339 1521 1380 a

318 1434 353 1476 re
369 1413 494 1498 publiea
508 1413 686 1498 sejunctam
708 1435 777 1478 esse
799 1434 862 1477 non
879 1435 983 1496 posse.
1029 1413 1160 1479 Etenim
1181 1413 1317 1499 primum
1338 1413 1415 1478 illud
1428 1414 1519 1499 parvi

319 1511 427 1588 refert,
443 1533 502 1576 nos
516 1511 690 1597 publicanis
707 1511 825 1576 amissa
846 1510 1013 1596 vectigalia
1034 1520 1146 1596 postea
1161 1512 1293 1578 victoria
1307 1533 1515 1597 recuperare;

318 1629 421 1693 neque
446 1609 529 1675 enim
553 1609 664 1672 iisdem
693 1607 867 1674 redimendi
892 1608 1031 1672 facultas
1051 1609 1114 1674 erit
1136 1616 1269 1695 propter
1292 1610 1517 1684 calamitatem,

319 1727 421 1791 neque
444 1705 514 1770 aliis
539 1705 686 1770 voluntas
711 1715 841 1790 propter
863 1705 1020 1770 timorem.
1066 1705 1199 1785 Deinde,
1219 1707 1304 1792 quod
1325 1709 1519 1773 mecedem

319 1803 402 1866 Asia
416 1810 511 1887 atque
526 1803 610 1866 idem
625 1803 687 1868 iste
705 1803 913 1868 Mithridates
927 1803 1018 1867 initio
1038 1803 1112 1868 belli
1136 1805 1273 1870 Asiatici
1294 1805 1414 1882 docuit,
1430 1814 1518 1891 certe

319 1897 351 1964 id
366 1899 492 1982 quidem
508 1899 688 1966 calamitate
703 1899 791 1964 docti
805 1900 957 1963 memoria
976 1900 1112 1965 retinere
1135 1901 1296 1966 debemus.
1342 1901 1426 1966 Nam
1448 1912 1519 1968 tuni

319 2018 415 2081 quum
437 1996 470 2060 in
487 1997 567 2060 Asia
589 2019 640 2061 res
655 2019 786 2082 magnas
811 1997 961 2082 permulti
981 1999 1162 2074 amiserant,
1184 1999 1303 2064 scimus
1324 1999 1447 2065 Romae
1466 2023 1518 2065 so-

317 2092 437 2158 lutione
451 2093 604 2178 impedita
618 2095 711 2158 fidem
732 2093 915 2160 concidisse.
961 2093 1035 2158 Non
1057 2096 1142 2160 enim
1163 2104 1296 2181 possunt
1317 2118 1381 2160 una
1395 2097 1428 2162 in
1443 2098 1517 2163 civi-

317 2197 387 2256 tate
402 2190 493 2255 multi
508 2214 575 2256 rem
589 2213 628 2256 ae
642 2192 786 2256 fortunas
800 2192 949 2256 amittere
966 2199 1004 2257 ut
1014 2215 1078 2257 non
1092 2193 1199 2278 plures
1214 2216 1322 2258 secum
1336 2195 1369 2258 in
1383 2197 1517 2260 eandem

316 2288 448 2354 trahant
470 2289 695 2356 calamitatem.
740 2289 772 2352 A
788 2311 850 2374 quo
866 2289 1004 2374 periculo
1021 2291 1187 2375 prohibete
1208 2313 1276 2356 rem
1293 2292 1459 2377 publicam,
1482 2301 1518 2358 et

316 2387 394 2450 mibi
424 2389 544 2453 credite
573 2389 605 2452 id
630 2389 714 2473 quod
742 2389 803 2474 ipsi
831 2388 966 2452 videtis:
1002 2390 1080 2453 haec
1103 2390 1184 2454 fides
1211 2397 1308 2474 atque
1334 2391 1412 2454 haec
1433 2393 1516 2456 ratio

316 2485 530 2570 pecuniarum,
547 2509 627 2572 quae
643 2486 774 2563 Romae,
791 2509 872 2572 quaa
895 2487 928 2550 in
942 2488 1011 2552 foro
1026 2495 1178 2564 versatur,
1195 2489 1356 2575 implicata
1372 2497 1423 2554 cst
1444 2513 1516 2554 cum

316 2583 377 2646 illis
391 2583 534 2670 pecuniis
549 2583 703 2648 Asiaticis
718 2591 753 2648 et
768 2585 927 2648 cohaeret.
973 2584 1079 2648 Ruere
1094 2585 1146 2647 illa
1160 2607 1223 2649 non
1238 2595 1372 2673 possunt
1387 2594 1424 2651 ut
1438 2589 1517 2653 haec

316 2702 379 2744 non
403 2682 514 2745 eodem
537 2682 694 2747 labefacta
720 2690 811 2747 motu
830 2683 1012 2747 concidant.
1053 2683 1178 2764 Quare
1199 2686 1304 2749 videte
1325 2708 1402 2749 num
1427 2687 1516 2752 dubi-

316 2778 449 2841 tandum
463 2780 552 2843 vobis
567 2780 611 2845 sit
627 2780 712 2844 omni
727 2782 834 2845 studio
849 2782 891 2844 ad
913 2782 946 2844 id
963 2782 1081 2845 bellum
1102 2782 1295 2862 incumbere,
1317 2786 1350 2848 in
1366 2808 1427 2872 quo
1449 2787 1516 2871 glo-

316 2874 363 2938 ria
391 2875 526 2940 nominis
552 2877 659 2957 vestri,
690 2878 777 2943 salus
805 2879 974 2956 sociorum,
1002 2880 1170 2965 vectigalia
1192 2883 1341 2960 maxima,
1368 2884 1517 2949 fortunae

315 2973 520 3059 plurimorum
535 2974 649 3039 civium
664 2977 853 3061 conjunctae
869 2998 941 3040 cum
956 2999 991 3040 re
1005 2978 1132 3063 publica
1146 2980 1365 3047 defendantur.

348 3158 568 3218 esse-daciscae]
588 3158 656 3205 Scin
671 3158 765 3216 Caesar,
783 3159 812 3207 B.
826 3160 856 3208 G.
868 3160 900 3208 iv.
932 3161 975 3222 ing
991 3161 1019 3209 of
1036 3163 1078 3209 the
1096 3162 1148 3210 Erf.
1181 3163 1234 3211 'I'ha
1251 3180 1364 3214 common
1380 3167 1478 3228 reading
1495 3169 1517 3216 is

316 3224 362 3278 θος
379 3222 427 3269 and
444 3222 514 3269 Verr.
526 3222 550 3268 ii.
563 3225 586 3269 t.
598 3238 619 3269 e.
631 3226 748 3271 th—‘er
763 3225 846 3271 miens
861 3220 900 3272 or·
933 3226 1007 3273 ‘vos’
1040 3226 1093 3274 'l’he
1108 3228 1316 3291 tertisprobably
1328 3236 1432 3293 corrupt
1467 3232 1516 3281 Ga-

315 3286 411 3333 dinibus
419 3286 434 3333 ε’
452 3286 510 3333 here
524 3301 538 3332 a
554 3285 668 3348 difficulty
684 3286 728 3335 has
744 3288 805 3335 baeu
821 3289 899 3337 made.
931 3291 1009 3338 ratoni
1019 3306 1073 3352 says
1091 3296 1106 3319 “
1115 3292 1151 3340 Ut
1160 3294 1284 3341 restituam
1292 3296 1432 3356 publicanis
1442 3299 1517 3345 amir-

317 3350 343 3397 If
356 3366 392 3397 wa
402 3351 518 3397 banalate
528 3350 548 3396 it
565 3354 636 3399 ‘rnen
651 3351 678 3397 of
691 3352 723 3398 all
734 3353 803 3399 other
813 3354 900 3402 classes
931 3356 972 3409 eis,
1001 3370 1120 3403 consensu
1143 3371 1240 3405 moveor
1266 3361 1516 3421 manuscriptorum?

315 3428 343 3461 or
357 3413 471 3474 degrees,'
488 3414 509 3461 it
524 3414 572 3461 will
583 3416 669 3476 simply
680 3431 751 3464 mean
766 3418 800 3463 all
812 3424 899 3481 except
930 3420 978 3467 aad
990 3420 1064 3467 Halm
1075 3420 1166 3469 follows
1177 3423 1235 3479 him,
1247 3425 1384 3486 explaining
1395 3426 1515 3473 ‘amissis’

315 3478 385 3525 those
402 3478 480 3525 whom
497 3478 529 3525 he
547 3479 590 3526 has
609 3481 754 3538 mentioned,
772 3482 813 3529 the
834 3482 898 3530 Pub·
930 3488 957 3531 to
972 3483 1002 3531 be
1022 3484 1153 3546 ‘perditis'
1167 3488 1215 3535 aud
1231 3490 1302 3549 udng
1317 3505 1333 3537 a
1349 3496 1412 3537 most
1426 3490 1517 3539 absurd

314 3541 497 3589 licant—‘navi
507 3540 522 3589 :'
540 3558 579 3590 sae
594 3544 636 3591 the
651 3551 709 3593 note
723 3546 777 3593 Vol.
795 3546 815 3595 1.
828 3547 897 3595 Verr.
930 3556 1057 3609 argument
1066 3551 1092 3596 iu
1103 3550 1201 3598 dafenes
1216 3552 1244 3599 of
1257 3553 1306 3601 this
1321 3555 1426 3615 reading,
1437 3556 1516 3603 which

314 3605 340 3653 ii.
360 3608 384 3654 3.
404 3621 424 3653 c.
445 3609 485 3664 21,
503 3622 536 3655 on
558 3610 680 3670 ‘gnavus’
723 3610 795 3659 Some
814 3612 841 3659 of
856 3612 898 3659 the
930 3614 1028 3677 reading
1038 3614 1058 3661 is
1069 3630 1129 3676 pura
1139 3630 1266 3665 nonsenss.
1300 3619 1389 3676 Baiter,
1400 3620 1454 3665 vhe
1463 3620 1516 3667 also

315 3674 322 3699 ⁸
326 3670 497 3732 negotiatores'
507 3687 568 3720 were
575 3675 599 3719 in
606 3674 648 3721 the
656 3676 787 3735 ‘provincia
792 3674 806 3735 ς’
817 3677 899 3724 others
932 3676 975 3724 has
985 3678 1011 3725 in
1022 3678 1060 3725 his
1070 3686 1122 3726 tert
1137 3681 1286 3742 ‘putheanis
1295 3682 1406 3740 amissis,’
1419 3684 1477 3731 adds
1489 3686 1516 3731 in

314 3734 361 3787 bed
380 3736 443 3783 their
464 3750 517 3785 own
535 3738 583 3785 and
600 3738 662 3785 their
681 3740 778 3787 friends'
799 3741 899 3803 capitale
931 3741 1104 3790 thefootnotss
1118 3742 1173 3806 (uos
1190 3746 1435 3806 publicabisamiasis
1448 3748 1516 3810 [rec-

314 3800 440 3863 employed
451 3801 526 3851 there.
785 3826 789 3835 ·
931 3806 1024 3869 tigalia]
1038 3814 1130 3868 postea
1163 3810 1211 3858 Th.
1222 3810 1420 3870 Mommsenius).
1455 3814 1516 3860 Thia

341 3866 448 3927 parrimj
469 3867 555 3929 Comp.
573 3866 619 3915 Pro
638 3868 747 3927 Fonteio,
763 3884 784 3917 c
803 3872 847 3927 12;
868 3870 899 3918 In
931 3870 951 3918 ia
966 3871 1101 3931 ingenious,
1118 3874 1166 3921 and
1182 3875 1320 3925 Mommsen
1337 3892 1391 3938 may
1405 3878 1464 3925 hare
1478 3878 1517 3925 hit

315 3928 395 3977 Vatia.
408 3932 472 3988 e.7;
490 3932 558 3995 Livy,
570 3934 610 3981 24.
622 3947 643 3980 c.
657 3934 702 3990 13;
719 3933 814 3989 Caesar,
826 3935 856 3983 Β.
866 3936 897 3984 G.
930 3950 962 3982 on
984 3935 1027 3983 tha
1048 3943 1102 3985 true
1123 3939 1228 4001 reading.
1262 3943 1297 3988 As
1316 3947 1342 3989 to
1361 3943 1409 3990 this
1428 3957 1471 3989 nse
1489 3942 1519 3990 of

313 3994 338 4042 ii.
359 3996 387 4053 1;
405 3994 504 4053 Gellius,
524 4012 548 4045 x.
569 3998 612 4046 lli:
634 3998 756 4045 “Parem
775 4001 898 4047 dominum
932 3999 1060 4061 ‘publiea,'
1077 4017 1117 4051 sea
1133 4004 1187 4051 Vol.
1199 4005 1220 4053 1.
1231 4005 1300 4053 Voer.
1310 4007 1336 4053 ii.
1348 4008 1373 4055 3.
1384 4022 1406 4055 e.
1417 4008 1457 4063 71,
1476 4012 1518 4054 ‘et

312 4064 437 4115 emat,
449 4060 589 4123 plerumque
600 4060 686 4109 dicitur
697 4062 762 4125 quod
773 4064 898 4123 signifieat,
931 4079 973 4112 sex
984 4065 1149 4126 publicorum!

308 4138 372 4185 perr
390 4125 513 4171 tamisiam
532 4128 605 4182 senil,
627 4125 652 4172 id
673 4133 718 4183 cst,
736 4128 835 4189 quidam
854 4130 897 4175 to·
961 4133 990 4177 at
1007 4131 1066 4177 iaec
1082 4132 1313 4195 noa-concidant]
1332 4134 1392 4182 This
1410 4136 1472 4183 form
1490 4135 1520 4183 of

224 4210 233 4237 ι
311 4190 396 4239 mines.
408 4202 464 4235 nam
475 4190 570 4249 partim
587 4190 633 4237 hoc
648 4191 673 4237 in
690 4191 743 4238 lom
759 4191 897 4239 adverbium
929 4194 1067 4254 expression
1078 4210 1162 4243 occurs
1173 4199 1311 4245 sometimes
1322 4199 1424 4247 without
1433 4215 1448 4246 a
1458 4215 1514 4261 pre·

311 4258 363 4299 este
384 4266 463 4313 neque
478 4253 503 4299 in
520 4267 589 4300 casus
604 4254 741 4311 inclinatur,
755 4257 825 4303 sicuti
843 4272 898 4305 eura
930 4258 1172 4308 vicus·ita’or‘tali
1183 4261 1266 4309 modi!
1298 4263 1517 4312 Themisanother

308 4318 404 4377 parlim
422 4317 545 4363 hominum
562 4317 609 4367 diei
626 4326 712 4381 potest,
730 4320 755 4367 id
775 4327 819 4378 est,
840 4337 896 4369 eum
927 4322 1037 4384 example
1049 4324 1101 4384 just
1116 4325 1213 4373 belom
1232 4331 1248 4355 ‘⁴
1258 4328 1315 4374 Non
1333 4330 1398 4375 enim
1414 4336 1518 4390 possunt

312 4379 454 4441 quibusdam
464 4380 607 4441 hominibus,
617 4384 781 4447 etquasicum
792 4386 896 4449 quadam
927 4393 988 4435 —nt
1002 4387 1078 4435 uon.’'
1111 4390 1247 4439 Thereisa
1257 4392 1348 4439 similar
1363 4394 1473 4455 example
1489 4394 1518 4441 in

312 4448 379 4506 parte
390 4442 541 4493 hominum.’'
927 4451 970 4499 the
987 4452 1033 4499 Pro
1050 4453 1170 4512 cluendo,
1187 4454 1230 4503 the
1245 4455 1376 4518 beginmng
1391 4458 1420 4507 of
1433 4474 1455 4507 c.
1466 4459 1517 4516 δίς

343 4510 533 4570 aorputlieaar'r
543 4512 644 4576 emina]
665 4513 733 4565 'uos’
743 4515 765 4564 is
775 4514 817 4563 tbe
827 4514 896 4563 read·
928 4516 973 4565 but
983 4516 1036 4565 that
1046 4518 1068 4565 is
1077 4524 1144 4567 nota
1153 4521 1264 4581 negative
1273 4527 1395 4571 aautmca.
