3517 5325
591 481 813 548 AMERINO
840 481 941 550 OAP.
966 485 1104 549 50-52.
1386 488 1449 552 103

244 652 327 718 ferre
356 649 529 718 advmsaffi
558 652 696 718 debeant
723 674 825 738 neque
854 661 892 718 ιιι
920 675 954 720 se
979 653 1126 739 potentia
1152 653 1295 738 superari
1325 661 1451 740 putent.

247 751 336 832 Quae
351 750 437 816 douai
450 749 590 835 gerenda
604 757 688 828 sunt,
706 772 744 814 ea
765 773 822 835 per
837 751 1008 816 Caeciliam
1029 751 1268 836 transiguntur:
1292 751 1352 816 fori
1365 753 1450 836 judi·

245 849 348 933 ciique
362 847 520 913 rationem
536 847 685 925 Messala,
709 855 746 914 ut
769 848 893 928 videtis,
915 849 1051 934 judices,
1075 849 1237 934 suscepit:
1263 849 1359 934 quisi
1381 850 1450 933 jem

246 945 327 1010 satis
340 945 460 1010 aetatis
482 953 580 1030 atque
603 946 728 1010 roboris
752 946 895 1023 haberet,
916 947 984 1032 ipse
1009 969 1065 1032 pro
1088 946 1163 1010 Sex.
1185 945 1302 1011 Roscio
1317 947 1450 1012 diceret.

248 1043 405 1122 Quoniam
418 1042 460 1106 ad
483 1043 650 1108 dicendum
669 1043 894 1128 impedimento
919 1053 970 1109 est
994 1052 1085 1109 aetas
1108 1051 1143 1110 et
1165 1045 1267 1130 pudor
1287 1044 1339 1129 qui
1355 1051 1450 1110 ornat

246 1147 396 1217 aetatem,
412 1161 556 1204 caussam
571 1140 648 1204 mihi
663 1141 807 1218 tradidit,
822 1163 917 1227 quern
932 1165 990 1208 sua
1012 1164 1126 1207 caussa
1148 1163 1262 1228 cupere
1277 1164 1315 1206 ac
1331 1142 1447 1206 debere

246 1236 461 1322 intelligebat:
479 1238 547 1323 ipse
561 1237 759 1315 assiduitate,
777 1239 918 1316 consilio,
931 1239 1130 1316 auctoritate,
1144 1239 1308 1324 diligentia
1318 1239 1449 1324 perfecit

246 1345 285 1400 ut
300 1335 375 1400 Sex.
391 1336 499 1400 Roscii
525 1335 600 1413 vita,
621 1345 732 1419 erepta
755 1338 796 1402 de
819 1337 964 1402 manibus
988 1344 1156 1415 sectorum,
1180 1337 1348 1401 sententiis
1365 1337 1449 1421 judi-

248 1453 321 1496 cum
343 1433 591 1518 permitteretur.
651 1433 816 1511 Nimirum,
843 1433 977 1517 judices,
1008 1455 1065 1520 pro
1094 1434 1154 1498 hac
1179 1435 1346 1500 nobilitate
1375 1455 1450 1518 pars

246 1529 385 1594 maxima
398 1530 539 1596 civitatis
561 1531 596 1594 in
620 1531 717 1596 ermis
739 1531 817 1596 fuit:
842 1531 920 1595 haec
944 1539 1018 1596 acta
1043 1554 1095 1596 res
1121 1538 1171 1596 est
1197 1532 1245 1597 uti
1267 1531 1387 1596 nobiles
1401 1553 1448 1594 re·

246 1626 456 1692 stituerentur
469 1627 504 1691 iu
518 1627 683 1694 civitatem
709 1629 762 1713 qui
787 1629 849 1692 hoc
874 1628 1025 1708 facerent,
1042 1629 1126 1714 quod
1148 1628 1252 1694 facere
1276 1629 1450 1694 Messalam

248 1724 383 1798 videtis;
408 1724 462 1809 qui
477 1733 572 1810 caput
586 1725 763 1790 innocentis
777 1726 1003 1790 defenderent:
1029 1725 1082 1811 qui
1096 1725 1229 1810 injuriae
1244 1725 1446 1802 resisterent;

249 1821 303 1906 qui
317 1828 471 1906 quantum
482 1830 614 1906 possent
628 1823 660 1886 in
675 1824 778 1887 salute
798 1823 930 1888 alterius
956 1845 1050 1908 quam
1072 1823 1104 1886 in
1120 1823 1218 1888 exitio
1244 1824 1375 1888 mallent
1397 1846 1448 1888 os-

251 1919 393 1984 tendere.
439 1918 573 1998 Quodsi
588 1921 764 2006 omnesqui
779 1921 892 1986 eodem
905 1921 975 1986 loco
990 1921 1057 1986 nati
1083 1927 1159 1988 suut
1182 1921 1333 2000 facerent,
1351 1928 1385 1986 et
1400 1943 1451 1986 res

250 2015 374 2101 publica
388 2037 429 2080 ex
442 2016 503 2080 illis
518 2024 553 2081 et
566 2016 627 2102 ipsi
640 2039 681 2080 ex
695 2018 812 2083 invidia
825 2017 930 2082 miuus
945 2018 1137 2082 laborarent.

294 2113 372 2178 LII.
396 2113 560 2178 Verumsi
583 2135 604 2179 a
629 2115 845 2202 Chrysogono,
867 2115 1002 2200 judices,
1030 2137 1094 2180 non
1116 2115 1324 2200 impetramus
1344 2122 1382 2181 ut
1396 2137 1449 2201 pe

250 2211 343 2276 cunia
373 2219 484 2276 nostra
507 2219 678 2276 contentus
700 2213 752 2292 sit,
778 2213 878 2278 vitam
903 2235 943 2276 ne
975 2221 1084 2298 petat;
1118 2213 1145 2276 si
1168 2213 1219 2277 ille
1244 2214 1359 2278 adduci
1385 2237 1449 2278 non

250 2315 419 2393 potestat,
435 2331 532 2394 quum
546 2310 702 2376 ademerit
722 2311 816 2374 uobis
837 2310 951 2387 omnia,
976 2331 1057 2394 quae
1079 2317 1190 2374 nostra
1204 2318 1296 2375 erant
1310 2312 1449 2396 propria,

249 2427 290 2470 ne
304 2407 406 2472 lucem
420 2429 544 2494 quoque
567 2407 650 2472 hanc
674 2429 755 2492 quae
780 2406 956 2472 communis
974 2416 1023 2472 est
1046 2407 1167 2492 eripere
1191 2406 1318 2491 cupiat;
1344 2407 1371 2468 si
1387 2428 1451 2470 nou

249 2503 330 2568 satis
350 2504 448 2570 habet
462 2505 629 2570 avaritiam
642 2527 733 2569 suam
747 2505 881 2590 pecuma
903 2505 1038 2588 explere,
1062 2503 1121 2567 nisi
1143 2502 1241 2568 etiam
1263 2503 1451 2568 crudelitate

248 2602 412 2686 sauguinis
435 2602 566 2687 perlitus
591 2602 643 2680 sit,
671 2624 769 2665 unum
794 2601 982 2687 perfugium,
1004 2599 1137 2686 judices,
1162 2621 1225 2665 una
1245 2622 1317 2686 spes
1332 2600 1452 2686 reliqua

248 2707 300 2764 est
312 2701 386 2763 Sex.
403 2700 529 2776 Roscio,
546 2700 658 2763 eadem
672 2721 752 2784 quae
766 2700 813 2764 rei
827 2699 981 2784 publicae,
998 2706 1105 2763 vestra
1118 2698 1255 2785 pristina
1276 2699 1403 2765 bonitas
1418 2707 1452 2765 et

247 2796 488 2869 misericordia;
513 2817 593 2879 quae
608 2796 635 2858 si
645 2803 762 2873 manet,
779 2796 857 2859 salvi
872 2794 969 2859 etiam
984 2818 1067 2860 nunc
1086 2818 1156 2861 esse
1171 2818 1349 2880 possumus.
1396 2796 1452 2861 Sin

249 2914 289 2955 ea
304 2892 484 2966 crudelitas,
500 2913 580 2977 quae
596 2892 657 2955 hoc
680 2900 823 2978 tempore
848 2892 881 2955 in
904 2914 937 2955 re
961 2892 1087 2977 publica
1110 2901 1238 2958 versata
1253 2900 1312 2971 est,
1328 2901 1452 2959 vestros

249 3011 376 3076 quoque
389 2989 523 3067 animos,
548 2988 579 3052 id
605 2990 691 3075 quod
716 2988 786 3053 fieri
810 2990 955 3075 profecto
979 3011 1042 3053 non
1065 2996 1183 3075 potest,
1200 2990 1342 3063 duriores
1363 3012 1450 3055 acer-

247 3087 416 3172 bioresque
431 3086 578 3163 reddidit,
592 3094 701 3151 actum
722 3095 783 3165 est,
807 3087 950 3171 judices:
975 3086 1059 3151 iuter
1084 3088 1169 3152 feras
1182 3088 1284 3153 satius
1299 3095 1349 3153 est
1363 3094 1451 3153 aeta·

249 3192 317 3250 tem
331 3185 446 3269 degere
461 3206 557 3269 quum
570 3184 604 3248 in
617 3184 678 3249 hac
692 3192 785 3249 tanta
799 3185 999 3249 immanitate
1015 3184 1145 3249 versari.
1190 3184 1244 3249 Ad
1259 3207 1369 3251 eamne
1383 3208 1452 3251 rem

250 3304 307 3347 vos
319 3282 473 3347 reservati
488 3282 576 3360 estis,
593 3282 633 3345 ad
647 3305 758 3348 eamne
775 3304 843 3347 rem
862 3282 977 3347 delecti
992 3289 1029 3347 nt
1038 3304 1094 3347 eos
1109 3282 1361 3347 condemnaretis
1370 3304 1450 3368 quos

250 3386 393 3445 sectores
407 3401 445 3445 ac
460 3379 564 3445 sicani
576 3379 722 3465 jugulare
737 3403 802 3445 non
816 3380 1015 3465 potuisseutl
1061 3380 1173 3445 Solent
1187 3382 1248 3446 hoc
1263 3380 1337 3446 boni
1353 3380 1450 3467 impe·

249 3484 372 3541 ratores
385 3476 501 3556 facere,
517 3500 614 3563 quum
627 3478 779 3563 praelium
795 3479 1010 3555 committunt,
1026 3478 1110 3543 utin
1124 3500 1163 3543 eo
1177 3478 1248 3543 loco
1264 3500 1326 3563 quo
1341 3478 1449 3563 fugam

250 3572 388 3638 hostium
405 3574 473 3639 lore
498 3576 694 3641 arbitrentur
718 3574 835 3641 milites
857 3575 1020 3655 collocent,
1036 3576 1070 3641 in
1095 3576 1227 3662 quossi
1247 3575 1360 3661 quiex
1381 3574 1451 3640 acie

283 3732 412 3794 Messala]
448 3732 489 3781 He
507 3733 725 3796 maybethemsu
738 3733 833 3781 rrhois
865 3734 943 3783 rrhotu
958 3748 1006 3782 was
1025 3734 1137 3782 Messala.
1170 3734 1223 3782 'lhs
1237 3732 1347 3795 partyof
1357 3732 1451 3779 Marius

249 3798 426 3845 mentionediu
440 3798 584 3847 thsBrutus
596 3798 628 3863 (r.
645 3797 697 3862 70),
709 3798 745 3847 Μ.
761 3798 833 3846 Vale·
864 3798 914 3847 and
925 3800 1004 3847 Cinna
1017 3804 1060 3859 got
1069 3798 1206 3859 possession
1219 3796 1247 3845 of
1263 3798 1306 3845 tha
1321 3795 1451 3857 cityrrma

250 3862 300 3909 rins
318 3861 430 3919 Messala,
447 3862 476 3909 cf
491 3863 569 3911 whom
586 3864 669 3912 Cicero
685 3878 753 3925 says:
772 3863 833 3911 “M.
867 3862 934 3909 Sulla
955 3876 1003 3909 was
1025 3864 1135 3923 carrying
1164 3876 1197 3909 ou
1225 3861 1267 3908 the
1288 3874 1337 3907 war
1358 3859 1451 3921 against

249 3924 356 3973 Messala
366 3927 444 3973 minor
456 3930 597 3989 ustuquam
609 3942 662 3983 nos,
679 3928 833 3974 nullomodo
864 3925 1028 3973 Mithridates.
1062 3926 1131 3987 They
1149 3924 1273 3972 murdered
1292 3924 1335 3970 the
1354 3922 1450 3969 consuls

248 3990 329 4051 inops,
347 3990 390 4037 sed
408 4006 458 4038 non
476 3992 549 4039 nimis
564 3998 663 4041 ornatus
677 4006 765 4052 genae
780 4006 833 4038 rer·
865 3990 980 4037 Octavius
998 3988 1046 4037 and
1061 3988 1162 4041 Merula.
1179 3989 1226 4035 sud
1237 3988 1270 4036 all
1280 3987 1322 4033 the
1333 3986 1416 4035 nobles
1427 3986 1455 4033 of

249 4053 351 4101 borum:
368 4056 481 4117 prudens,
498 4061 590 4112 mutus,
609 4056 708 4104 minime
724 4056 834 4103 incantus
866 4054 909 4101 the
924 4054 1033 4115 opposite
1049 4058 1119 4114 party
1133 4052 1212 4099 whom
1231 4051 1289 4113 they
1303 4050 1374 4099 could
1390 4051 1452 4099 seiae

250 4124 375 4180 patronus,
391 4120 418 4166 iu
439 4121 529 4167 saumis
546 4120 714 4180 cognoscendis
735 4134 833 4181 compo·
868 4118 999 4181 (Plutarch,
1011 4118 1110 4174 Marius,
1123 4132 1143 4163 c.
1156 4119 1195 4173 42,
1208 4114 1271 4177 tec).

249 4183 383 4245 urendisque
405 4184 513 4244 diligens,
531 4184 611 4243 magni
626 4184 722 4241 laboris,
744 4184 835 4231 multae
900 4186 940 4231 52.
948 4182 1067 4245 perlitus]
1100 4182 1154 4228 ‘Sic
1166 4180 1226 4227 Cdd.
1239 4180 1284 4227 nisi
1296 4179 1361 4240 quod
1371 4178 1451 4235 multi,

248 4262 336 4309 operae
346 4248 524 4310 multarumque
532 4248 695 4295 ‹amsarum!’
730 4248 836 4297 Messala
866 4247 930 4295 Vsu.
950 4248 987 4295 Iu.
1008 4246 1073 4294 Crat.
1087 4246 1233 4307 praeditur!
1259 4244 1343 4292 Orelli.
1378 4244 1451 4291 Klotz

249 4327 298 4359 wss
314 4328 330 4359 s
345 4314 469 4373 patrician.
504 4312 587 4359 Cinam
605 4328 658 4373 says
675 4312 728 4359 that
743 4312 775 4359 hs
791 4328 836 4358 un·
868 4311 912 4357 has
941 4310 1095 4373 ‘praeditus'
1139 4310 1164 4357 lt
1185 4310 1205 4357 is
1228 4309 1287 4357 hard
1309 4314 1335 4356 ιο
1356 4308 1451 4357 chooss.

250 4376 351 4423 dertcolr
361 4378 393 4425 sll
403 4378 445 4425 the
459 4376 554 4425 trouble
573 4376 602 4424 uf
614 4377 663 4423 this
679 4376 747 4423 affair
764 4376 783 4439 (⁴
791 4376 837 4423 fori
869 4375 922 4423 The
944 4376 1021 4423 whole
1047 4374 1186 4436 expression
1214 4372 1368 4423 ‘crudelitate
1396 4388 1450 4423 ssu·

247 4441 380 4503 judiciique
390 4441 537 4504 rationem'),
549 4447 634 4503 except
644 4440 686 4489 the
696 4442 791 4501 speech.
869 4440 964 4501 guinia’
978 4443 1030 4496 &c.,
1042 4440 1062 4487 is
1074 4444 1177 4501 strange.

279 4521 329 4566 pro
345 4508 393 4553 hac
409 4508 548 4569 nobilitate]
584 4507 615 4555 ln
634 4506 732 4553 defeucc
749 4505 777 4552 of
796 4504 838 4551 the
903 4505 985 4551 eadm
1004 4519 1064 4565 quae
1084 4506 1121 4551 rei
1136 4504 1272 4567 publicae]
1299 4502 1452 4565 ‘Eademque

250 4570 345 4628 nobles,
366 4571 421 4619 who
442 4586 483 4621 sta
502 4572 559 4620 hers
580 4572 661 4620 before
683 4586 729 4628 me,
751 4584 838 4631 among
869 4568 1039 4632 reipublicsa’
1056 4568 1137 4619 Klotz.
