3517 5325
540 523 760 590 AMERINO
788 524 889 592 cAP.
913 530 1051 594 31-33.
1355 535 1396 596 85

190 693 356 778 Phrygio?
401 695 475 759 Nou
489 717 620 760 necesse
634 712 685 762 est
699 719 809 762 omues
832 705 1080 764 commemorare
1103 699 1240 778 Curtios,
1260 701 1392 779 Marios,

190 793 325 878 denique
342 793 534 871 Mamercos,
550 817 631 880 quos
648 795 715 879 jam
738 804 829 862 aetas
850 819 870 861 a
891 797 1019 882 praeliis
1033 799 1206 863 avocabat:
1231 809 1393 885 postremo

192 891 354 954 Priamum
369 891 471 978 ipsum
487 915 595 957 senem
611 894 799 971 Antiatium,
815 917 909 981 quem
925 919 988 960 non
1011 897 1105 961 modo
1120 905 1210 961 aetas
1224 899 1280 962 sed
1295 899 1393 962 etiam

190 989 276 1074 leges
290 1011 433 1074 pugnare
447 991 668 1076 prohibebant.
712 990 736 1053 J
737 1015 789 1055 am
805 1015 884 1077 quos
899 1016 992 1058 nemo
1006 1002 1139 1080 propter
1160 995 1393 1080 ignobilitatem

190 1091 344 1168 nominat,
358 1093 500 1156 sexcenti
515 1099 598 1170 sunt,
610 1091 662 1178 qui
677 1092 761 1157 inter
775 1093 905 1159 sicarios
913 1103 948 1160 et
961 1096 1000 1160 de
1015 1096 1173 1160 veneficiis
1182 1097 1390 1161 accusabant:

190 1189 245 1274 qui
259 1211 378 1266 omnes,
395 1192 481 1275 quod
503 1191 545 1254 ad
566 1213 617 1254 me
638 1191 767 1270 attinet,
792 1193 905 1257 vellem
920 1194 1070 1258 viverent.
1117 1193 1203 1256 Nihil
1219 1193 1302 1258 enim
1317 1193 1393 1257 mali

191 1293 243 1351 est
256 1309 352 1351 canes
366 1287 409 1351 ihi
423 1310 518 1374 quam
529 1288 682 1374 plurimos
696 1311 775 1367 esse,
793 1292 848 1356 ubi
863 1291 1012 1376 permulti
1027 1291 1214 1355 observandi
1229 1293 1393 1376 multaque

191 1386 346 1448 servanda
359 1394 444 1451 sunt.
489 1386 622 1464 Verum,
639 1398 677 1450 ut
691 1388 738 1464 lit,
755 1389 857 1452 multa
870 1411 967 1474 saepe
989 1387 1243 1472 imprudentibus
1258 1387 1392 1472 impera·

190 1484 315 1548 toribus
329 1483 376 1548 vis
390 1485 463 1549 belli
477 1507 516 1550 ac
533 1486 628 1551 turba
640 1486 779 1551 molitur.
825 1486 912 1550 Dum
926 1487 954 1551 is
968 1487 1000 1550 in
1015 1487 1085 1550 aliis
1106 1487 1201 1550 rebus
1216 1493 1286 1551 erat
1301 1507 1394 1550 oceu-

190 1589 295 1667 patus,
322 1583 375 1668 qui
400 1605 555 1647 summam
580 1607 685 1648 rerum
707 1583 960 1662 administrabat,
988 1591 1081 1649 erant
1104 1584 1227 1649 interea
1250 1583 1303 1669 qui
1328 1583 1394 1648 suis

190 1679 371 1745 vulneribus
385 1682 605 1756 mederentur;
630 1681 693 1768 qui,
710 1689 875 1768 tamquam
892 1683 918 1746 si
933 1683 1037 1746 offusa
1058 1682 1104 1746 rei
1119 1681 1265 1766 publicae
1279 1681 1393 1766 sempi-

190 1784 287 1841 terna
306 1801 369 1842 nox
383 1787 478 1858 esset,
505 1781 552 1844 ita
577 1782 712 1844 ruebant
735 1781 769 1844 iu
791 1781 935 1845 tenebris
960 1781 1127 1866 omniaque
1152 1780 1348 1855 miseebant;
1373 1799 1393 1842 a

191 1874 307 1959 quibus
328 1877 433 1956 miror,
461 1899 502 1941 ne
526 1878 611 1964 quod
629 1877 822 1963 judiciorum
839 1885 925 1942 esset
949 1878 1127 1964 vestigium,
1155 1899 1218 1942 uon
1244 1877 1393 1943 subsellia

191 1993 316 2057 quoque
330 1995 400 2038 esse
415 1976 590 2040 combusta.
635 1975 719 2039 Nam
733 1983 767 2040 et
781 1983 984 2041 accusatores
999 1985 1034 2041 et
1045 1977 1170 2061 judices
1186 1977 1391 2042 sustulerunt.

193 2068 267 2134 Hoc
282 2072 436 2136 commodi
451 2081 510 2150 est,
526 2073 610 2158 quod
624 2073 672 2138 ita
692 2074 839 2138 vixerunt
864 2083 902 2139 ut
924 2082 1025 2140 testes
1051 2097 1169 2151 omnes,
1186 2075 1212 2138 si
1229 2081 1391 2160 cuperent,

191 2168 369 2234 interlicere
383 2193 446 2234 non
461 2179 601 2257 possent.
649 2171 731 2235 Nam
745 2172 821 2236 dum
842 2173 1004 2236 hominum
1027 2193 1128 2258 genus
1143 2173 1213 2250 erit,
1230 2173 1284 2258 qui
1299 2194 1392 2237 accu-

192 2273 245 2330 set
272 2289 326 2332 eos
351 2291 415 2332 non
443 2269 562 2334 deerit:
587 2270 663 2333 dum
686 2271 797 2335 civitas
820 2271 891 2346 erit,
914 2270 1034 2354 judicia
1059 2270 1149 2334 fient.
1195 2269 1328 2346 Verum,
1355 2281 1393 2334 ut

192 2365 281 2450 coepi
295 2367 410 2444 dicere,
426 2375 461 2432 et
476 2367 621 2446 Erucius,
639 2368 716 2432 haec
731 2369 759 2431 si
773 2367 907 2432 haberet
921 2367 953 2430 in
969 2389 1090 2446 caussa,
1108 2389 1189 2453 quae
1204 2389 1393 2432 commemo-

191 2463 269 2540 ravi,
284 2473 392 2548 posset
406 2487 445 2529 ea
458 2466 600 2551 quamvis
614 2465 668 2529 dlu
680 2466 793 2543 dicere,
810 2474 844 2530 et
860 2487 930 2549 ego,
944 2466 1077 2550 judiees,
1094 2487 1233 2550 possum.
1279 2463 1343 2528 Sed
1359 2464 1392 2527 in

190 2561 296 2626 auimo
307 2571 366 2640 est,
383 2563 645 2649 quemadmodum
659 2571 736 2627 ante
750 2563 825 2639 dixi,
840 2563 953 2626 leviter
968 2562 1104 2628 transire
1118 2585 1156 2626 ac
1172 2561 1392 2626 tantummodo

190 2660 405 2748 perstringere
433 2684 529 2725 uuam
557 2684 711 2746 quamque
737 2684 813 2738 rem,
844 2668 880 2724 ut
910 2683 1019 2725 omnes
1043 2660 1221 2747 intelligant
1250 2682 1300 2724 me
1329 2680 1393 2723 non

189 2759 299 2823 studio
324 2780 486 2835 accusare,
513 2758 570 2821 sed
593 2759 696 2822 officio
719 2758 898 2822 defendere.
944 2757 1131 2821 XXXIII.
1165 2758 1269 2821 Video
1296 2757 1394 2842 igitur

189 2877 322 2920 caussas
336 2878 406 2919 esse
430 2856 605 2941 permultas
629 2876 711 2941 quae
736 2856 835 2919 istum
859 2855 1066 2941 impellerent.
1113 2855 1291 2920 Videamus
1309 2875 1394 2917 nuuc

189 3026 324 3074 multorum
354 3028 490 3072 matorum
520 3025 599 3087 capita
618 3024 650 3071 sd
670 3027 777 3072 ostenta-
809 3020 958 3087 c.·aot)in
977 3023 1020 3071 tha
1039 3022 1134 3071 senate.
1167 3022 1271 3084 'lbough
1285 3022 1392 3084 pastthe

189 3092 282 3139 tionem
304 3089 470 3136 immanIssimi
488 3088 599 3137 fadum
615 3089 686 3136 sectis
704 3088 777 3136 cervi·
809 3088 902 3149 agetur
920 3088 1023 3150 mllitary
1040 3088 1137 3143 service,
1155 3087 1186 3135 ha
1204 3102 1251 3135 nas
1269 3102 1299 3135 au
1316 3088 1392 3135 active

190 3156 259 3203 cibus
275 3152 467 3217 pependerunt.”
502 3154 535 3201 So
550 3168 604 3216 says
621 3155 712 3201 &neca
728 3152 778 3215 (De
810 3169 865 3201 man
877 3154 903 3200 iu
915 3154 955 3201 the
967 3152 1064 3201 Forum.
1099 3152 1182 3200 Cicero
1194 3151 1334 3215 (Brutone.
1347 3153 1390 3215 63)

190 3220 272 3267 dirius
292 3219 447 3281 procidentia,
468 3234 488 3265 c.
508 3218 546 3283 3),
563 3224 660 3281 “supra
682 3219 777 3266 Servili·
809 3219 853 3267 has
874 3218 956 3265 drawn
978 3218 1015 3265 his
1037 3218 1164 3265 character.
1208 3216 1327 3265 Antistius
1344 3232 1392 3264 was

190 3299 265 3331 anum
282 3284 369 3341 laeum,
385 3284 410 3331 id
427 3283 491 3330 enim
505 3284 686 3345 proscrIptionis
698 3283 777 3331 Sullae
809 3284 838 3330 ot
852 3284 895 3330 the
910 3288 980 3347 party
999 3282 1028 3329 ol'
1043 3282 1117 3329 Sulla.
1150 3282 1246 3343 Among
1262 3282 1304 3329 the
1321 3282 1392 3329 other

192 3348 331 3411 spalterium
342 3354 386 3403 est.
403 3354 541 3397 senstomu
557 3350 637 3410 capita
652 3349 777 3433 atpassipr
809 3363 892 3435 names
903 3348 956 3395 that
973 3347 1004 3395 ha
1021 3347 1140 3395 mendosa
1157 3347 1178 3393 is
1196 3346 1303 3423 Μονίμη
1320 3346 1389 3394 hutI

191 3414 778 3540 fflmfflmttffittrttttt
806 3411 1393 3539 ttt.?”⁰n.'l.‚⁰t..lttt⁰:z,t.t⁰tt÷

192 3543 236 3590 the
249 3542 323 3590 Vicus
332 3543 453 3604 legerius,
469 3558 528 3590 near
537 3543 578 3590 the
590 3544 692 3591 Basilica
700 3543 775 3599 Julia,
807 3544 833 3590 in
843 3543 892 3589 this
909 3548 1022 3589 sentence
1033 3541 1106 3589 ‘Non
1122 3541 1235 3598 necesse.'
1252 3543 1296 3589 tre.
1308 3540 1392 3589 Cloero

193 3607 272 3655 where
290 3608 326 3654 Μ.
346 3608 452 3669 Agrippa
472 3608 608 3655 asternuds
629 3608 714 3670 plmd
733 3607 776 3655 the
807 3606 954 3669 isspeakiug
971 3606 998 3653 ol
1014 3606 1083 3653 those
1100 3606 1153 3653 who
1170 3606 1280 3668 perished
1302 3610 1328 3653 at
1349 3605 1391 3653 the

193 3672 269 3733 figure
280 3672 416 3733 ofahydra
427 3672 531 3733 (Festus,
542 3688 567 3735 p.
579 3673 647 3733 290).
808 3672 922 3719 Servilium
941 3672 1056 3719 reservotr
1074 3671 1099 3718 ln
1117 3670 1159 3717 tlre
1178 3670 1349 3732 proscriptione
1366 3670 1394 3717 ol
1475 3712 1478 3721 .

230 3738 290 3794 Qua
308 3739 350 3793 tlt,
369 3737 426 3799 tra]
460 3737 513 3785 The
533 3738 651 3799 'Phrygio
669 3736 774 3785 lerro'is
807 3738 888 3793 Sallu
912 3736 957 3783 but
973 3736 1093 3783 Antistiae
1104 3750 1151 3783 nas
1167 3735 1194 3781 ol
1209 3734 1296 3782 Sullu’s
1312 3740 1390 3795 party.

193 3800 235 3849 the
248 3802 324 3849 swerd
335 3801 363 3849 of
374 3802 416 3850 tha
426 3804 528 3849 ssssssm
545 3803 617 3850 slave.
651 3802 676 3849 lt
687 3804 707 3849 Is
718 3816 773 3863 pro·
806 3800 890 3849 Cicero
899 3800 918 3847 le
926 3800 1039 3861 speaking
1048 3800 1075 3845 ol
1085 3798 1254 3846 ‘accusatores'
1266 3798 1320 3845 who
1331 3812 1392 3844 were

193 3864 379 3914 bsblsthatthe
396 3867 441 3914 last
460 3866 537 3914 words
554 3882 594 3913 are
610 3866 771 3929 apartofau
804 3865 879 3921 dead3
896 3864 944 3910 and
961 3864 992 3911 be
1008 3863 1086 3910 would
1103 3870 1147 3909 not
1164 3863 1194 3909 be
1213 3877 1280 3922 sorry
1295 3862 1318 3907 it’
1333 3861 1391 3921 they

194 3930 371 3987 lamhicverae,
386 3932 462 3979 which
481 3931 561 3979 would
579 3930 772 3979 he‘suluentus
804 3945 865 3977 were
881 3929 950 3975 alive.
984 3926 1018 3974 Aa
1034 3926 1186 3975 totbetorm
1199 3924 1328 3981 ‘Curtios'
1346 3926 1391 3971 tre.

193 3994 225 4043 ’st
236 3996 298 4045 terro
311 3996 429 4059 Phrygio:
440 3996 477 4043 tor
488 3996 530 4043 the
546 3997 736 4058 mtepenultima
746 3994 775 4043 ol
804 4010 844 4043 see
857 3994 959 4048 Horace.
972 3990 1050 4039 Sati.
1063 3992 1086 4045 7.
1098 4006 1121 4036 r.
1134 3992 1157 4045 8,
1169 3988 1314 4035 Maeleaue's
1325 3988 1363 4035 ed.

193 4060 322 4123 ‘Phrygio'
337 4062 410 4124 being
426 4060 496 4108 made
508 4060 565 4121 long
575 4061 596 4108 ia
607 4076 639 4107 uo
649 4060 770 4122 objection
835 4057 943 4119 ta-qur'}
972 4056 1000 4102 L.
1011 4054 1084 4111 Sulla,
1097 4054 1175 4100 whom
1187 4054 1218 4099 he
1229 4052 1328 4099 bundles
1335 4066 1392 4113 very

192 4126 249 4175 here

802 4122 1004 4183 dexterously.-‘
1014 4120 1056 4181 qui
1065 4116 1260 4165 suisvulneribus
1269 4116 1287 4163 ι’
1306 4116 1392 4163 ‘there
1466 4142 1469 4147 -

227 4190 345 4255 Curtios]
379 4190 458 4239 'l'hese
474 4203 562 4251 appear
577 4192 603 4236 to
613 4188 645 4236 bo
655 4204 711 4237 meu
721 4188 776 4237 who
808 4202 870 4235 were
877 4202 933 4234 men
942 4184 1002 4247 busy
1014 4185 1039 4232 in
1050 4184 1133 4243 curing
1141 4182 1203 4229 their
1214 4196 1267 4229 own
1276 4179 1392 4238 nounds,'

191 4256 301 4320 perished
313 4259 339 4305 in
355 4257 397 4303 the
416 4254 594 4318 proscnptions
627 4254 696 4315 They
714 4268 776 4301 were
807 4253 885 4299 which
897 4252 953 4313 they
965 4250 1005 4297 did
1017 4249 1048 4311 by
1059 4248 1184 4309 removing
1194 4250 1238 4293 out
1248 4246 1276 4293 ol
1288 4246 1329 4293 the
1340 4260 1393 4307 way

191 4330 235 4372 too
252 4323 292 4371 old
311 4329 337 4370 to
354 4322 423 4383 hght,
443 4319 488 4367 but
507 4324 550 4365 not
566 4325 592 4365 to
611 4318 642 4365 hs
664 4322 775 4365 ‘sacuam
807 4317 839 4364 all
849 4318 904 4364 who
916 4315 993 4377 might
1003 4314 1063 4361 hara
1079 4312 1154 4359 oalled
1171 4311 1237 4358 them
1255 4316 1280 4358 to
1291 4315 1393 4358 account

191 4388 271 4443 tores‚'
291 4388 339 4435 and
350 4388 408 4448 they
418 4400 480 4433 were
499 4383 705 4438 oeconomum
716 4384 773 4445 they
805 4382 843 4429 for
857 4382 921 4428 their
937 4380 1042 4441 villainy.
1077 4378 1191 4425 Graculus
1205 4376 1287 4423 thinks
1303 4376 1356 4423 that
1372 4376 1392 4423 it

191 4469 252 4501 were
263 4453 395 4515 dangerous
412 4460 438 4497 to
455 4449 497 4497 the
512 4450 622 4511 opposita
632 4454 711 4509 party.
745 4446 772 4493 Ρ.
806 4460 890 4491 means
912 4444 965 4491 that
986 4444 1043 4505 they
1065 4441 1137 4489 cured
1158 4442 1222 4488 thelr
1242 4448 1340 4504 porerty
1358 4440 1391 4503 hy

190 4519 312 4567 Antistius
335 4515 448 4565 iseslled
469 4514 548 4562 Prism
573 4507 607 4575 hy
636 4526 721 4559 resson
748 4510 777 4559 of
806 4511 896 4570 reiziug
904 4510 974 4556 other
985 4506 1061 4555 men's
1069 4512 1190 4570 property.
1225 4504 1274 4554 But
1284 4507 1326 4554 the
1334 4520 1391 4554 cou-

190 4585 291 4644 hiauge.
326 4582 424 4629 llerras
437 4584 519 4641 putto
534 4578 642 4627 deutha.
655 4590 678 4625 c.
690 4579 729 4633 82,
741 4576 774 4637 by
806 4580 859 4623 text
869 4575 949 4623 ahons
959 4574 1013 4622 that
1022 4573 1064 4621 tho
1075 4572 1145 4621 other
1155 4572 1175 4621 i
1186 4571 1228 4619 the
1240 4572 1359 4633 meaning.

190 4650 262 4698 order
272 4647 301 4697 of
311 4646 355 4696 the
364 4658 472 4708 younger
494 4644 587 4692 Mariua
609 4642 725 4707 (Appias.
744 4639 773 4689 B.
