3517 5325
333 465 397 534 170
655 460 790 526 ORAT.
815 461 907 525 PRO
931 461 980 525 M.
1005 461 1211 527 FONTEIO

331 634 495 698 Gallorum
516 630 680 695 consensio
703 630 821 695 valebit
849 651 944 715 quam
973 651 1114 694 summac
1139 631 1344 698 auctoritatis
1369 635 1535 701 omnium!

332 730 438 809 Quum
461 729 583 792 Galliae
607 727 762 791 Fonteius
781 733 954 812 praeesset,
970 727 1073 805 scitis,
1092 729 1225 810 judices,
1248 731 1404 795 maximos
1427 734 1535 817 populi

332 827 467 890 Romani
482 824 642 889 exercitus
664 823 697 886 in
719 824 842 886 duabus
862 823 1029 907 Hispaniis
1051 824 1304 911 clarissimosque
1327 828 1535 913 imperatores

330 925 438 988 fuisse.
484 924 586 1004 Quam
607 919 699 983 multi
721 921 846 1005 equites
861 921 1007 997 Romani,
1024 941 1119 1005 quam
1138 922 1229 986 multi
1251 924 1371 988 tribuni
1387 926 1532 1002 militnm,

332 1021 441 1105 quales
462 1027 497 1084 et
518 1025 597 1103 quot
612 1023 646 1081 et
666 1017 814 1102 quotiens
828 1017 926 1101 legati
940 1017 982 1080 ad
997 1039 1061 1080 eos.
1107 1017 1279 1084 Exercitus
1293 1029 1459 1106 praeterea
1474 1025 1532 1088 (ln.

333 1115 478 1202 Pompeii
493 1116 648 1180 maximus
669 1123 766 1200 atque
788 1114 1013 1199 ornatissimus
1035 1114 1185 1180 hiemavit
1199 1117 1231 1180 in
1248 1117 1361 1197 Gallia,
1380 1119 1429 1184 M.
1447 1119 1532 1184 Fon·

331 1215 395 1278 teio
410 1215 598 1299 imperante.
643 1212 772 1276 Satisne
786 1212 876 1276 vobis
890 1212 1018 1287 multos,
1039 1212 1119 1275 satis
1140 1212 1270 1278 idoneos
1292 1223 1396 1281 testes
1411 1225 1445 1282 et
1459 1239 1532 1282 con-

330 1310 416 1374 scios
430 1311 555 1375 videtur
569 1310 639 1394 ipsa
652 1309 782 1390 fortuna
795 1329 867 1372 esse
880 1307 1016 1373 voluisse
1031 1330 1140 1372 esrum
1155 1331 1261 1374 rerum
1280 1333 1362 1396 quae
1380 1313 1429 1379 M.
1447 1313 1534 1378 Fon·

330 1408 396 1473 teio
425 1414 574 1493 praetore
602 1412 790 1490 gererentur
817 1405 851 1468 in
877 1405 1001 1469 Gallici
1057 1405 1159 1485 Quem
1187 1427 1228 1470 ex
1253 1415 1347 1473 tanto
1372 1409 1533 1473 hominum

331 1527 462 1578 nrunero
484 1509 602 1568 testem
624 1503 658 1564 in
680 1502 740 1565 hac
761 1523 874 1566 caussa
897 1501 1069 1586 producere
1093 1504 1252 1586 potestis?
1274 1505 1346 1590 quis
1366 1514 1417 1570 eet
1431 1529 1472 1571 ex
1493 1527 1532 1570 eo

329 1623 461 1665 numero
480 1601 534 1686 qui
557 1600 645 1662 vobis
664 1605 778 1662 auctor
802 1599 949 1683 placeat?
971 1619 1009 1662 eo
1036 1620 1095 1662 nos
1115 1599 1184 1683 jam
1205 1599 1370 1666 laudatore
1392 1611 1427 1668 et
1447 1611 1531 1668 teste

331 1706 468 1762 utemur.
513 1696 714 1761 Dubitabitis
729 1695 826 1760 etiam
841 1695 970 1772 diutius,
991 1695 1127 1779 judices,
1143 1695 1218 1781 quin
1241 1697 1326 1777 illud,
1342 1701 1428 1784 quod
1442 1700 1531 1764 initio

331 1795 422 1858 vobis
437 1792 596 1879 proposui,
612 1793 810 1856 verissimum
824 1791 876 1868 sit,
893 1791 979 1855 alind
994 1813 1050 1877 per
1065 1793 1124 1856 hoc
1142 1793 1297 1877 judicium
1312 1796 1389 1860 nihil
1403 1798 1454 1882 agi
1470 1795 1531 1860 nisi

331 1898 378 1967 nt,
397 1891 446 1955 M.
463 1889 600 1954 Fonteio
623 1909 775 1973 oppresso
798 1888 990 1954 testim0niis
1006 1910 1126 1966 eorum,
1143 1890 1258 1974 quibus
1280 1893 1380 1957 multa
1394 1893 1439 1957 rei
1454 1896 1532 1979 pub-

331 2086 464 2147 randnm
479 2083 579 2148 ceteri
593 2083 667 2160 sint,
685 2082 920 2166 quumvideant
935 2104 991 2146 eos
1005 2105 1189 2168 oppugnare
1205 2085 1320 2169 quibus
1383 2090 1404 2136 *
1448 2090 1468 2136 *
1510 2091 1531 2136 *

331 2181 438 2266 populi
454 2180 588 2242 Romani
604 2179 769 2264 imperium
783 2179 940 2244 incolume
955 2202 1025 2244 esse
1039 2202 1103 2243 non
1118 2182 1238 2266 possiti

376 2277 479 2340 VIII.
504 2277 674 2360 Objectum
696 2284 747 2341 est
769 2277 867 2341 etiam
891 2284 1058 2362 quaestum
1083 2278 1131 2342 M.
1155 2278 1327 2344 Fonteium
1349 2301 1390 2344 ex
1410 2281 1531 2345 viarum

332 2363 508 2438 munitione
533 2373 656 2450 iecisse,
680 2381 719 2438 ιιι
732 2381 789 2438 aut
804 2395 844 2436 ne
858 2381 992 2460 cogeret
1006 2374 1138 2453 munire,
1154 2381 1213 2440 aut
1228 2375 1260 2438 id
1275 2377 1360 2460 quod
1375 2379 1531 2442 munitum

331 2478 416 2534 esset
437 2494 477 2535 ne
493 2470 697 2555 improbaret.
743 2469 779 2533 Si
793 2477 828 2534 et
843 2471 947 2535 coacti
961 2478 1038 2534 eunt
1049 2471 1171 2536 munire
1187 2494 1296 2536 omnes
1311 2480 1345 2537 et
1359 2475 1530 2539 multorum

331 2590 427 2652 opera
448 2568 627 2652 improbata
649 2573 734 2643 sunt,
758 2575 847 2631 certe
869 2575 1039 2652 utrumque
1062 2569 1176 2631 falsum
1198 2575 1259 2646 est,
1275 2581 1309 2633 et
1331 2570 1372 2634 ob
1393 2572 1531 2636 vacatio-

329 2688 402 2729 nem
417 2666 554 2752 pretium
568 2666 687 2744 datum,
700 2686 798 2749 qnnm
812 2665 959 2729 immunis
974 2688 1066 2730 nemo
1081 2666 1184 2745 fuerit,
1199 2674 1233 2731 et
1247 2668 1288 2730 ob
1300 2668 1528 2752 probationem,

331 2786 427 2848 quum
441 2765 542 2827 multa
556 2763 737 2847 improbata
751 2762 827 2825 sint.
872 2762 957 2841 Quid
980 2762 1007 2826 ei
1030 2763 1091 2825 hoc
1116 2763 1236 2827 crimen
1258 2764 1386 2849 optimis
1399 2766 1531 2829 nomini·

330 2861 390 2924 bus
404 2860 550 2946 delegare
564 2882 741 2945 possumus,
758 2867 792 2923 et
807 2859 862 2936 ita,
879 2882 943 2923 non
959 2866 996 2923 ut
1011 2860 1135 2945 culpam
1150 2860 1183 2922 in
1197 2861 1278 2925 alios
1293 2862 1528 2941 transferamus,

363 3057 506 3120 Hispaniis]
533 3058 587 3105 The
609 3058 716 3105 Romans
737 3056 831 3103 atthis
852 3056 911 3103 time
943 3056 1078 3105 delenceoi
1093 3056 1181 3119 Italy.”
1214 3058 1267 3106 The
1277 3058 1387 3107 letterof
1401 3058 1530 3121 Pompeius

330 3124 405 3185 spoke
416 3124 444 3170 ol
457 3124 499 3171 the
512 3123 641 3185 Hispaniae
655 3122 680 3168 in
696 3122 738 3168 the
753 3119 830 3181 plural
840 3134 911 3166 nnm-
943 3120 963 3167 is
983 3121 1008 3167 in
1025 3122 1067 3169 the
1083 3122 1148 3169 third
1165 3121 1229 3169 book
1247 3122 1275 3169 oi
1289 3123 1330 3169 the
1348 3123 1488 3183 Fragments
1504 3122 1533 3171 ol

329 3188 380 3243 ber,
393 3188 434 3233 the
445 3187 547 3234 citer-lor
562 3186 687 3247 Hispania,
700 3183 836 3230 asterwards
850 3183 910 3229 Tar·
943 3184 986 3231 the
997 3184 1092 3233 Roman
1106 3186 1205 3246 History
1216 3186 1243 3232 ot
1253 3186 1387 3235 Sallrutins.

329 3252 474 3304 raconensis,
495 3250 543 3297 and
570 3250 613 3297 the
637 3249 751 3302 Ulterior,
775 3246 912 3293 asterwards
977 3249 1128 3310 oppugnare]
1144 3251 1305 3311 ‘Oppugnare
1316 3251 1346 3297 V.
1359 3250 1440 3299 Garat.
1451 3254 1528 3299 tester

329 3316 427 3362 Baetica
443 3312 523 3375 (Livy,
541 3313 622 3359 xxviii.
641 3314 683 3367 le;
702 3326 757 3358 m.
774 3312 821 3367 eo,
837 3311 911 3357 xxxii.
945 3313 1092 3373 oppugnari'
1109 3313 1286 3375 S.-¹quibus'
1303 3314 1333 3360 V.
1364 3313 1466 3377 ‘quibus
1484 3329 1528 3377 op-

329 3378 382 3438 28).
415 3378 468 3423 The
484 3376 585 3437 original
602 3376 725 3436 bonndary
744 3374 853 3421 between
870 3374 913 3421 the
945 3376 1048 3436 pressis'
1075 3376 1099 3423 S.
1145 3377 1217 3424 Some
1240 3378 1268 3425 ot
1290 3377 1332 3425 the
1356 3378 1445 3425 editors
1469 3378 1530 3425 hare

330 3441 462 3501 Hispaniae
483 3455 530 3487 nas
558 3439 599 3487 the
627 3440 719 3486 Iberus
763 3438 843 3485 When
870 3438 913 3485 the
945 3440 1041 3501 printed
1056 3441 1205 3503 ‘oppressis'
1223 3442 1285 3489 atter
1299 3440 1417 3503 ‘quibus'
1450 3442 1530 3489 There

328 3504 437 3553 Ulterior
458 3519 506 3550 was
527 3503 621 3551 divided
642 3503 694 3549 Into
714 3506 762 3548 two
780 3508 854 3563 parts,
871 3503 913 3551 the
944 3510 1082 3565 appearsto
1094 3504 1123 3551 be
1134 3506 1270 3569 something
1280 3506 1380 3553 omitted
1389 3506 1529 3567 alter‘qui-

329 3568 432 3616 citerior
449 3582 496 3615 nas
510 3568 584 3614 called
601 3566 791 3621 Tarraconensis,
808 3567 855 3613 and
871 3566 913 3613 the
945 3566 1007 3623 bua,’
1020 3569 1062 3615 the
1075 3584 1144 3615 sense
1155 3570 1182 3616 ol
1195 3570 1273 3617 which
1284 3571 1305 3617 is
1315 3570 1380 3617 what
1390 3569 1528 3617 Mommsen

328 3638 377 3679 two
388 3637 454 3693 parts
470 3632 498 3679 οι·
511 3633 553 3678 the
564 3630 672 3678 Ulterior
683 3643 743 3676 nere
758 3630 856 3677 Baetica
864 3630 914 3677 and
945 3632 988 3678 has
999 3632 1055 3679 thus
1067 3633 1192 3693 supplied:
1210 3634 1312 3695 ‘quibus
1320 3634 1436 3695 imperata
1444 3634 1530 3681 sintea
1567 3670 1570 3676 .

329 3697 462 3745 Lusitania.
945 3696 997 3743 sine
1008 3696 1095 3757 quibus
1107 3696 1165 3757 Pop.
1178 3698 1290 3753 Romani,
1302 3697 1355 3745 ιιι]

360 3760 413 3807 'l'he
428 3776 476 3807 nar
491 3760 516 3807 in
533 3759 607 3821 Spain
620 3757 713 3818 agaimt
730 3756 848 3805 temnus
863 3773 912 3806 was
977 3762 1001 3807 Β.
1018 3760 1163 3822 munitione]
1184 3757 1320 3809 ‘Munitio'
1337 3760 1385 3808 and
1402 3759 1527 3807 ‘munire’

328 3824 378 3872 still
388 3825 462 3885 going
472 3840 503 3871 on
514 3823 585 3869 while
597 3821 769 3869 Fonteiuswas
786 3823 910 3883 ‘praetor’
944 3838 984 3870 are
995 3824 1037 3871 the
1045 3824 1121 3871 words
1132 3825 1170 3871 for
1184 3824 1384 3887 ‘read-making!
1418 3824 1529 3872 See'Vol.

328 3890 356 3937 ot
370 3889 413 3936 the
425 3888 502 3937 Gallia
518 3886 649 3934 ProrIncia.
683 3885 709 3932 It
723 3900 771 3932 aas
786 3886 849 3933 aster
859 3902 911 3934 ans·
945 3888 966 3935 1.
981 3888 1117 3936 Vatrute.
1130 3890 1202 3937 cliii.

328 3954 420 4013 taining
431 3952 532 3999 adoleat
542 3950 602 3997 lrom
612 3950 730 3997 Sertorim
740 3950 793 3997 that
803 3966 834 3997 an
845 3966 912 4013 army
977 3953 1113 3999 nominibus
1132 3953 1254 4015 delegare]
1279 3953 1342 4001 ‘We
1363 3968 1408 4000 csn
1426 3952 1530 4000 transfer

329 4017 357 4064 ot
375 4016 501 4076 Pompeius
513 4014 627 4061 wintered
639 4014 665 4060 in
681 4014 765 4061 Gallia
799 4014 912 4062 Plutarch
944 4016 993 4062 this
1005 4016 1090 4076 charge
1100 4016 1175 4063 about
1191 4017 1234 4065 the
1247 4016 1416 4077 rond-making
1432 4022 1458 4063 to
1472 4030 1529 4063 men

329 4095 382 4141 says
395 4078 534 4141 (Sertorius,
552 4094 572 4126 c
585 4078 643 4139 21)ι
660 4079 727 4124 “the
743 4079 851 4139 generals
867 4094 911 4140 op·
944 4079 973 4125 ol
986 4080 1027 4127 the
1039 4080 1231 4136 bestobaracter,
1243 4081 1291 4127 and
1306 4086 1347 4141 yet
1361 4096 1388 4129 so
1403 4096 1429 4127 es
1445 4087 1529 4127 notro

328 4144 403 4207 posed
420 4150 446 4191 ιο
465 4144 515 4190 him
536 4141 677 4206 (Sertorius)
695 4158 756 4189 were
774 4142 869 4202 obliged
886 4150 912 4189 tc
945 4144 1031 4203 charge
1048 4144 1090 4190 the
1109 4144 1200 4192 oll'euce
1221 4160 1287 4207 upon
1306 4145 1405 4193 otbera'
1439 4144 1529 4193 ‘Dele-

329 4214 445 4269 aeparate,
463 4222 509 4254 one
526 4213 552 4255 to
569 4207 650 4253 march
665 4206 701 4253 off
711 4207 764 4253 into
781 4206 851 4262 Gaul,
863 4207 912 4253 and
943 4208 1012 4268 gare'
1024 4208 1045 4254 is
1056 4208 1114 4255 used
1125 4214 1151 4256 to
1162 4209 1248 4269 signify
1260 4208 1302 4256 the
1313 4208 1469 4269 msiuring
1479 4208 1508 4255 oi
1515 4223 1531 4255 a

329 4272 457 4333 Pompeius
471 4278 498 4319 ιο
509 4272 593 4319 nlnter
606 4286 694 4331 among
708 4271 750 4317 the
761 4270 868 4324 Vaccaei.
885 4270 911 4317 in
943 4272 1008 4328 debt,
1027 4286 1053 4319 as
1068 4273 1137 4319 when
1148 4288 1163 4320 a
1173 4273 1259 4320 debtor
1272 4272 1397 4333 ‘delegat’
1414 4272 1530 4320 manutere

328 4341 397 4396 great
410 4335 507 4382 distress
524 4336 561 4382 lor
576 4342 640 4383 want
655 4336 683 4382 of
696 4334 810 4396 supplies,
821 4335 868 4381 snd
885 4339 912 4381 to
943 4340 970 4382 tn
988 4336 1025 4383 his
1041 4336 1143 4383 meditor
1158 4352 1173 4383 a
1188 4336 1247 4384 debt
1264 4336 1318 4383 that
1333 4338 1354 4383 is
1370 4338 1417 4383 due
1434 4342 1460 4383 ιο
1478 4335 1530 4383 him

328 4401 485 4446 wriietothe
497 4401 591 4456 hecate,
606 4401 661 4447 that
675 4400 706 4445 ba
720 4398 799 4444 wotdd
809 4399 863 4445 lead
873 4398 912 4445 hls
944 4400 1006 4447 irom
1026 4400 1127 4447 another
1141 4416 1235 4462 person.
1269 4400 1427 4463 Accordingly
1445 4399 1530 4447 Cicero

328 4479 396 4525 army
411 4469 455 4511 ont
473 4466 502 4513 ol'
521 4464 607 4520 Iberia,
623 4464 645 4510 if
661 4464 718 4524 they
735 4462 775 4509 did
793 4468 837 4509 not
852 4462 912 4509 send
944 4478 999 4511 uses
1011 4468 1017 4491 ⁴
1027 4464 1180 4512 nominibus!
1216 4464 1289 4521 llere,
1296 4465 1339 4511 the
1350 4464 1443 4525 charge,
1450 4463 1529 4510 which

328 4528 380 4575 him
392 4543 486 4592 money,
497 4526 807 4589 forhehadspontallhis
821 4540 875 4574 own
886 4528 912 4574 in
944 4528 965 4575 la
982 4528 1109 4590 compared
1128 4532 1155 4576 ιο
1173 4544 1188 4577 a
1205 4528 1271 4587 debt,
1294 4529 1315 4575 is
1338 4526 1483 4576 mamistrad
1502 4532 1529 4575 ιο
