3517 5325
619 505 797 573 ΗΑΒΙΤΟ
821 507 923 574 ΟΑΡ.
947 511 998 590 35,
1022 511 1075 576 36.
1380 513 1442 578 333

242 683 340 753 runt3
366 671 418 763 qui
441 677 582 741 accusati
604 686 680 743 sunt
701 679 741 742 sb
763 677 800 742 iis
815 678 868 764 qni
884 687 978 744 erant
991 679 1051 765 ipsi
1065 679 1203 744 ambitus
1218 679 1420 746 condemnati
1433 707 1443 757 ;

243 799 324 862 quos
348 797 407 859 ego
431 795 495 837 non
519 773 637 838 idcireo
661 797 731 840 esse
750 775 889 844 arbitror
916 777 948 840 in
973 776 1132 862 integrum
1156 777 1333 856 restitutos,
1360 781 1446 864 quod

241 875 369 960 planum
387 871 521 936 fecerint
544 871 613 935 illos
634 872 675 936 ob
698 895 764 938 rem
781 873 987 957 judicandam
1008 874 1174 959 pecuniam
1195 875 1366 960 accepisse,
1388 878 1446 940 sed

241 972 326 1057 quod
352 970 514 1055 judicibus
537 970 748 1054 probaverint,
774 992 870 1055 quum
892 971 925 1035 in
947 972 1058 1035 eodem
1083 993 1209 1056 genere,
1235 971 1268 1034 in
1291 993 1355 1057 quo
1384 972 1445 1058 ipsi

241 1069 456 1144 offendissent,
487 1067 565 1130 alios
594 1067 878 1152 reprehendissent
910 1090 945 1132 se
983 1069 1025 1132 ad
1061 1069 1202 1154 praemis
1230 1068 1309 1153 legis
1338 1071 1445 1135 venire

242 1173 401 1251 oportere.
448 1164 652 1250 Quapropter
677 1165 835 1229 nerninem
856 1167 1002 1231 dubitare
1024 1167 1171 1231 existimo
1194 1166 1269 1252 quin
1291 1167 1344 1230 illa
1358 1169 1445 1232 dam-

240 1265 330 1329 natio
345 1262 485 1328 ambitus
499 1261 585 1325 nulla
600 1284 640 1326 ex
655 1269 746 1347 parte
761 1285 833 1326 cum
847 1285 961 1328 caussa
983 1263 1120 1328 Gluentii
1142 1271 1312 1348 vestroque
1322 1265 1444 1349 judicio

242 1361 416 1445 conjuncta
440 1381 509 1424 esse
538 1359 650 1443 possit.
696 1359 788 1441 Quid,
820 1363 907 1446 quod
937 1360 1087 1436 Staienus
1115 1369 1167 1426 est
1194 1361 1445 1427 condemnatust

242 1457 316 1521 Non
341 1457 412 1520 dico
435 1457 496 1519 hoc
515 1463 666 1541 tempore,
683 1457 817 1540 judices,
839 1458 872 1522 id
898 1459 984 1544 quod
1010 1459 1117 1523 nescio
1140 1481 1182 1522 an
1202 1458 1264 1522 dici
1285 1467 1442 1543 oporteat,

240 1555 328 1619 illum
339 1553 519 1638 majestatis
530 1575 600 1617 esse
612 1553 872 1618 condemnatum:
896 1577 961 1620 non
975 1556 1077 1620 recito
1093 1555 1274 1620 testimonia
1283 1555 1444 1620 hominum

240 1652 543 1726 honestissimorum,
569 1671 649 1735 quae
670 1651 703 1714 in
727 1651 893 1716 Staienum
911 1660 988 1718 sunt
1012 1653 1099 1718 dicta
1117 1654 1159 1717 ab
1179 1653 1219 1717 iis
1238 1653 1291 1738 qui
1314 1653 1362 1715 M.
1378 1653 1443 1717 Ae-

240 1749 334 1827 milio,
367 1747 543 1812 clarissimo
572 1747 649 1823 viro,
681 1748 781 1834 legati
821 1757 855 1813 et
885 1751 1038 1836 praelecti
1071 1759 1106 1815 et
1140 1750 1260 1815 tribuni
1290 1750 1444 1815 militares

239 1848 388 1920 luerunt;
424 1849 557 1932 quorum
586 1845 779 1912 testimoniis
810 1847 940 1932 planum
967 1849 1088 1912 factum
1117 1856 1176 1925 est,
1207 1848 1344 1912 maxime
1373 1850 1444 1933 ejus

240 1965 338 2029 opere
353 1965 448 2028 quum
468 1949 619 2028 quaestor
639 1950 724 2008 esset
747 1943 780 2007 in
801 1946 1155 2032 exercitu-seditionem
1174 1967 1244 2011 esse
1263 1945 1443 2010 conflatam·

241 2041 291 2104 Ne
316 2040 369 2104 illa
392 2040 518 2125 quidem
544 2041 728 2106 testimonia
752 2042 862 2121 recito,
887 2065 968 2128 quae
994 2044 1083 2108 dicte
1104 2051 1190 2120 sunt,
1214 2044 1253 2107 de
1276 2043 1349 2108 HS
1365 2065 1440 2120 roc,

239 2159 320 2222 quse
342 2137 393 2201 ille
415 2159 512 2222 quum
533 2139 709 2224 accepisset
723 2139 849 2204 nomine
861 2141 973 2225 judicii
990 2141 1151 2220 Safiniani,
1173 2141 1258 2205 sicut
1275 2140 1308 2203 in
1325 2139 1443 2227 Oppia·

238 2235 301 2300 uici
326 2235 446 2319 judicio
471 2241 593 2320 postea,
619 2235 748 2300 reticuit
767 2245 865 2322 etque
884 2238 1072 2322 suppressit.
1117 2237 1242 2302 Omitto
1261 2246 1296 2302 et
1309 2238 1388 2302 haec
1409 2245 1444 2302 et

237 2335 300 2398 alia
324 2333 481 2419 permulta
502 2353 583 2416 quae
604 2332 658 2395 illo
677 2333 849 2417 judiciuin
869 2334 1036 2398 Staienum
1056 2335 1142 2398 dicta
1165 2341 1260 2407 sunt;
1285 2335 1345 2398 hoc
1360 2335 1442 2411 dico,

238 2433 369 2496 eandem
393 2439 462 2496 tum
476 2430 574 2493 fuisse
591 2429 629 2492 P.
646 2437 680 2494 et
697 2429 734 2494 L.
752 2430 913 2507 Cominiis,
930 2432 1092 2516 equitibus
1112 2431 1276 2507 Romanis,
1299 2431 1443 2495 honestis

237 2529 417 2592 hominibus
451 2535 486 2592 et
516 2526 654 2604 disertis,
690 2528 936 2590 controversiam
979 2551 1052 2594 cum
1092 2527 1223 2592 Staieno
1257 2549 1351 2612 quem
1388 2551 1442 2593 ac·

237 2627 404 2701 cusabant,
423 2645 504 2709 quae
524 2643 608 2687 nunc
630 2621 706 2685 mihi
729 2629 779 2687 est
801 2645 872 2687 cum
889 2624 996 2689 Attio.
1041 2623 1176 2690 (luminii
1196 2623 1345 2691 dicebant
1358 2626 1442 2692 idem

237 2724 323 2810 quod
352 2744 411 2807 ego
441 2722 532 2786 dico:
559 2720 723 2784 Staienum
748 2720 789 2783 ab
814 2720 991 2806 Oppianico
1019 2722 1186 2807 pecuniam
1215 2724 1378 2809 accepisse
1402 2733 1442 2791 ut

232 2820 389 2907 judicium
411 2826 645 2904 corrumperet:
686 2816 836 2880 Staienus
862 2820 1076 2883 conciliandae
1103 2820 1227 2904 gratiae
1252 2842 1366 2885 caussa
1388 2844 1441 2886 ac·

237 2916 362 3003 cepisse
377 2916 515 2979 dicebat.
561 2914 763 2978 Irridebatur
785 2915 864 2980 haec
886 2915 970 2980 illius
994 2916 1220 2997 reconciliatio,
1251 2925 1285 2982 et
1305 2942 1442 3004 persona

267 3178 307 3227 33.
319 3176 435 3237 ambitus]
457 3175 502 3223 See
511 3174 567 3223 Vol.
580 3174 600 3221 l.
609 3173 679 3221 Verr.
688 3172 818 3231 llrcursus,
885 3176 1051 3224 mctttassdcs
1059 3174 1168 3237 wius]
1183 3174 1352 3237 ‘Reconciling
1362 3174 1441 3239 Oppi·

235 3242 343 3299 Judicia;
360 3240 408 3288 and
423 3240 465 3287 the
477 3240 577 3287 Oration
589 3238 643 3286 Pro.
656 3238 701 3286 Cn.
715 3236 819 3285 Plancio.
851 3240 934 3287 anie-us
944 3240 992 3287 and
1007 3238 1230 3289 Cluentius.’-‘ad
1249 3240 1391 3288 Juturnac?
1409 3240 1442 3289 bs

133 3340 141 3347 .
234 3306 288 3355 The
298 3306 375 3354 words
391 3310 433 3352 ‘se
443 3304 473 3352 sd
484 3304 589 3366 praemia
605 3302 681 3364 legis‚'
698 3302 777 3349 allude
793 3306 819 3350 tn
868 3304 936 3352 laced
947 3320 1014 3353 some
1029 3304 1108 3365 gilded
1124 3308 1215 3353 ststuss
1226 3304 1304 3352 stths
1314 3304 1405 3367 temple
1415 3305 1443 3353 ol

234 3370 277 3419 tha
293 3370 383 3419 reward
399 3370 468 3431 given
486 3374 511 3416 to
527 3368 577 3416 him
595 3367 648 3415 who
666 3366 819 3429 mccssstully
850 3318 964 3417 lutum
997 3369 1050 3417 The
1060 3368 1188 3431 gildingot
1196 3369 1283 3416 bronze
1293 3374 1440 3417 statuesrras

234 3434 374 3497 prosecuted
385 3435 486 3481 another
496 3433 533 3481 scr
548 3430 685 3479 ‘ambitus'
712 3431 818 3479 tlemus
851 3448 977 3491 commum
1001 3434 1050 3481 and
1070 3434 1139 3482 there
1165 3448 1243 3481 wasa
1266 3434 1329 3495 good
1356 3449 1440 3482 reason

234 3500 353 3547 rewarded
369 3499 400 3560 by
413 3498 485 3559 being
500 3496 606 3546 restored
625 3497 667 3543 ‘in
684 3494 820 3558 lntegmm'
852 3497 890 3546 lor
903 3500 931 3547 it.
965 3498 1076 3561 Nothing
1095 3499 1117 3546 is
1138 3498 1213 3559 nglier
1232 3498 1292 3546 than
1311 3514 1327 3547 a
1342 3499 1439 3556 bronw,

234 3563 447 3611 ortohislormcr
457 3566 525 3611 state.
566 3561 728 3621 sculpta.
743 3562 779 3610 14.
795 3564 819 3608 2.
852 3562 983 3611 blackened
1008 3569 1099 3621 statum
1125 3562 1204 3611 which
1225 3564 1246 3611 is
1268 3564 1371 3625 perhaps
1397 3564 1440 3611 the

266 3626 326 3673 This
339 3627 364 3673 P.
377 3626 491 3687 Popillius
502 3626 523 3673 is
534 3630 577 3673 not
588 3625 629 3673 the
641 3624 755 3686 Popillius
767 3624 820 3671 rrhc
852 3642 936 3675 raason
948 3628 1003 3688 why
1013 3642 1049 3675 rra
1059 3628 1130 3675 make
1137 3627 1205 3674 them
1214 3626 1261 3674 and
1272 3632 1308 3674 set
1319 3626 1386 3676 them
1397 3643 1438 3689 up.

234 3704 282 3736 ποι
293 3690 430 3737 mentioned
441 3690 530 3736 before.
852 3690 959 3739 Jutnrna
969 3706 1017 3739 was
1027 3693 1070 3739 the
1080 3693 1149 3739 sister
1159 3690 1189 3739 ol
1202 3691 1306 3749 turnus,
1316 3708 1332 3739 s
1346 3691 1440 3754 nymph

268 3752 324 3800 H-S
336 3752 406 3815 1003]
424 3753 484 3800 This
500 3752 573 3799 istho
584 3766 636 3799 sum
648 3751 785 3798 mentioned
796 3750 820 3798 in
853 3756 955 3803 oflskes
965 3756 1013 3802 and
1023 3756 1159 3803 sountsins:

234 3814 821 3925 ..2s,„ne0irsvsttenatrullenrth.‘wTr-
854 3848 965 3895 “mem
982 3849 1006 3895 10
1016 3848 1093 3895 numi
1104 3846 1269 3895 scat-rm
1278 3860 1385 3893 mom

803 3896 820 3935 .;
904 3914 910 3925 .

234 3876 775 4003 ...e
962 3863 1040 3969 tm,
1059 3912 1150 3973 m·
1170 3924 1232 3971 ο
1252 3910 1440 3971 .......

267 4008 377 4057 netu
392 4006 527 4067 comenses
549 4006 633 4053 cim
651 4004 772 4053 monton·
791 4004 818 4053 r.
877 3990 1013 4087 ffiffig'
1041 4036 1107 4085 hm
1127 4038 1163 4084 iffi
1186 4050 1230 4083 m
1250 4036 1354 4083 um
1374 4037 1439 4085 dm

234 4072 358 4121 Coruinius
375 4069 485 4134 (Brutus,
502 4086 522 4117 c.
539 4069 598 4131 78):
617 4074 631 4097 “
641 4070 667 4116 Ρ.
682 4070 819 4117 Cominium
916 4104 933 4150 h
1007 4073 1013 4084 '

235 4138 393 4199 Spoletinum,
406 4150 453 4197 quo
469 4138 595 4181 accusante
611 4132 705 4179 delendi
717 4132 744 4180 C.
758 4133 818 4179 Cor·
875 4168 909 4217 ὴ
933 4117 1082 4227 {affigam
1091 4180 1135 4227 pm
1146 4163 1282 4225 virginium
1291 4164 1418 4211 mm„

234 4203 333 4257 uelium,
341 4202 366 4247 in
375 4214 423 4261 quo
434 4204 459 4246 et
470 4198 627 4259 compositum
639 4196 732 4243 dicendi
743 4211 819 4257 genus
910 4183 943 4230 l’P
1253 4229 1316 4275 Aa·
1327 4229 1369 4275 xii·
1383 4231 1429 4279 ¹39

233 4274 258 4314 et
268 4282 321 4314 aere
332 4270 357 4313 et
367 4264 505 4326 expeditum
517 4262 587 4309 luit.”
613 4261 766 4309 Asconiusiu
778 4260 819 4307 the
1244 4300 1251 4318 x
1272 4317 1278 4327 ¹

233 4336 359 4393 argument
377 4334 403 4376 to
421 4328 463 4375 ths
481 4326 623 4374 Corneliana
639 4340 706 4387 says:
724 4324 821 4372 “Extat
886 4319 997 4367 Staienus
1007 4317 1119 4365 recorded
1137 4332 1203 4365 some
1218 4331 1307 4364 semro
1317 4318 1345 4364 ol
1357 4317 1395 4364 his
1411 4319 1438 4365 in

233 4396 308 4443 oratio
320 4394 423 4443 Cominii
440 4390 590 4449 accusatoris,
602 4404 675 4453 qusm
691 4404 785 4437 sumere
795 4390 820 4436 ln
852 4384 964 4445 bringing
974 4388 1001 4430 to
1011 4382 1112 4445 friendly
1122 4388 1196 4430 terms
1206 4382 1264 4429 with
1275 4382 1317 4429 the
1324 4382 1438 4440 Romans,

233 4474 319 4509 manus
329 4464 367 4506 est
379 4458 476 4521 aliquod
493 4471 579 4519 operae
595 4455 706 4517 pretium,
721 4468 770 4502 non
781 4468 820 4502 so-
852 4464 888 4497 rrs
904 4463 960 4510 may
976 4462 1087 4509 suppose,
1104 4462 1171 4495 some
1187 4447 1215 4494 ol
1228 4446 1271 4493 the
1287 4452 1357 4510 pctty
1367 4447 1438 4509 ltings

233 4524 283 4572 lum
295 4530 392 4587 propter
409 4522 529 4572 Ciceronis
540 4518 733 4569 orationes-sed
746 4518 819 4567 stiam
850 4516 906 4564 rho
916 4528 978 4561 we
987 4512 1065 4561 under
1075 4512 1170 4561 Roman
1179 4512 1320 4575 protection.

233 4594 332 4652 propter
343 4592 419 4637 ssmst
429 4586 536 4650 ipsum.”
