<?xml version="1.0" encoding="UTF-8"?>
<!DOCTYPE html PUBLIC "-//W3C//DTD XHTML 1.0 Transitional//EN"
    "http://www.w3.org/TR/xhtml1/DTD/xhtml1-transitional.dtd">
<html xmlns="http://www.w3.org/1999/xhtml" xml:lang="en" lang="en">
 <head>
  <title>
</title>
<meta http-equiv="Content-Type" content="text/html;charset=utf-8" />
  <meta name='ocr-system' content='tesseract 3.04.00' />
  <meta name='ocr-capabilities' content='ocr_page ocr_carea ocr_par ocr_line ocrx_word'/>
</head>
<body>
  <div class='ocr_page' id='page_1' title='image "./mtulliiciceroni02longgoog/mtulliiciceroni02longgoog_0143.png"; bbox 0 0 3517 5325; ppageno 0'>
   <div class='ocr_carea' id='block_1_1' title="bbox 328 487 1186 571">
    <p class='ocr_par' dir='ltr' id='par_1_1' title="bbox 328 487 1186 571">
     <span class='ocr_line' id='line_1_1' title="bbox 328 487 1186 571; baseline -0.008 -13"><span class='ocrx_word' id='word_1_1' title='bbox 328 499 392 561; x_wconf 82' lang='lat'><strong>132</strong></span> <span class='ocrx_word' id='word_1_2' title='bbox 674 489 809 556; x_wconf 80' lang='lat' dir='ltr'><strong>ORAT.</strong></span> <span class='ocrx_word' id='word_1_3' title='bbox 834 488 926 553; x_wconf 86' lang='lat' dir='ltr'><strong>PRO</strong></span> <span class='ocrx_word' id='word_1_4' title='bbox 958 489 996 571; x_wconf 79' lang='lat' dir='ltr'><strong>Q.</strong></span> <span class='ocrx_word' id='word_1_5' title='bbox 1021 487 1186 553; x_wconf 79' lang='lat' dir='ltr'><strong>Rosclo</strong></span> 
     </span>
    </p>
   </div>
   <div class='ocr_carea' id='block_1_2' title="bbox 307 655 1544 3186">
    <p class='ocr_par' dir='ltr' id='par_1_2' title="bbox 307 655 1544 3186">
     <span class='ocr_line' id='line_1_2' title="bbox 330 655 1533 729; baseline -0.006 0"><span class='ocrx_word' id='word_1_6' title='bbox 330 664 456 729; x_wconf 82' lang='lat' dir='ltr'><strong>dacium</strong></span> <span class='ocrx_word' id='word_1_7' title='bbox 470 662 543 726; x_wconf 76' lang='lat' dir='ltr'><strong>cst!</strong></span> <span class='ocrx_word' id='word_1_8' title='bbox 581 660 715 724; x_wconf 82' lang='lat' dir='ltr'>Roscius</span> <span class='ocrx_word' id='word_1_9' title='bbox 729 667 781 726; x_wconf 86' lang='lat' dir='ltr'><strong>est</strong></span> <span class='ocrx_word' id='word_1_10' title='bbox 795 659 942 724; x_wconf 87' lang='lat' dir='ltr'><strong>videlicet</strong></span> <span class='ocrx_word' id='word_1_11' title='bbox 955 659 1050 724; x_wconf 89' lang='lat' dir='ltr'><strong>homo</strong></span> <span class='ocrx_word' id='word_1_12' title='bbox 1066 659 1198 723; x_wconf 87' lang='lat' dir='ltr'><strong>callidus</strong></span> <span class='ocrx_word' id='word_1_13' title='bbox 1213 665 1247 723; x_wconf 83' lang='lat' dir='ltr'><strong>et</strong></span> <span class='ocrx_word' id='word_1_14' title='bbox 1262 663 1419 722; x_wconf 85' lang='lat' dir='ltr'><strong>versutus.</strong></span> <span class='ocrx_word' id='word_1_15' title='bbox 1457 655 1533 722; x_wconf 90' lang='lat' dir='ltr'><strong>Hoc</strong></span> 
     </span>
     <span class='ocr_line' id='line_1_3' title="bbox 330 753 1533 846; baseline -0.007 -20"><span class='ocrx_word' id='word_1_16' title='bbox 330 761 422 826; x_wconf 92' lang='lat' dir='ltr'><strong>initio</strong></span> <span class='ocrx_word' id='word_1_17' title='bbox 448 759 590 846; x_wconf 82' lang='lat' dir='ltr'><strong>cogitare</strong></span> <span class='ocrx_word' id='word_1_18' title='bbox 618 758 742 843; x_wconf 88' lang='lat' dir='ltr'><strong>coepit:</strong></span> <span class='ocrx_word' id='word_1_19' title='bbox 780 757 930 843; x_wconf 86' lang='lat' dir='ltr'><strong>quoniam</strong></span> <span class='ocrx_word' id='word_1_20' title='bbox 957 756 1100 820; x_wconf 89' lang='lat' dir='ltr'><strong>Fannius</strong></span> <span class='ocrx_word' id='word_1_21' title='bbox 1122 779 1142 820; x_wconf 87' lang='lat' dir='ltr'><strong>a</strong></span> <span class='ocrx_word' id='word_1_22' title='bbox 1164 777 1215 820; x_wconf 91' lang='lat' dir='ltr'><strong>me</strong></span> <span class='ocrx_word' id='word_1_23' title='bbox 1238 756 1321 841; x_wconf 90' lang='lat' dir='ltr'><strong>petit</strong></span> <span class='ocrx_word' id='word_1_24' title='bbox 1346 753 1419 819; x_wconf 92' lang='lat' dir='ltr'><strong>H·S</strong></span> <span class='ocrx_word' id='word_1_25' title='bbox 1447 775 1533 834; x_wconf 83' lang='lat'>1000,</span> 
     </span>
     <span class='ocr_line' id='line_1_4' title="bbox 330 852 1536 946; baseline -0.007 -21"><span class='ocrx_word' id='word_1_26' title='bbox 330 867 440 946; x_wconf 85' lang='lat' dir='ltr'><strong>petam</strong></span> <span class='ocrx_word' id='word_1_27' title='bbox 463 880 483 920; x_wconf 93' lang='lat' dir='ltr'><strong>a</strong></span> <span class='ocrx_word' id='word_1_28' title='bbox 509 854 545 922; x_wconf 78' lang='lat' dir='ltr'><strong>(l.</strong></span> <span class='ocrx_word' id='word_1_29' title='bbox 577 855 697 932; x_wconf 76' lang='lat' dir='ltr'><strong>Cluvio,</strong></span> <span class='ocrx_word' id='word_1_30' title='bbox 713 855 821 941; x_wconf 84' lang='lat' dir='ltr'><strong>equite</strong></span> <span class='ocrx_word' id='word_1_31' title='bbox 845 855 999 932; x_wconf 85' lang='lat' dir='ltr'><strong>Romano,</strong></span> <span class='ocrx_word' id='word_1_32' title='bbox 1017 853 1218 920; x_wconf 85' lang='lat' dir='ltr'><strong>ornatissimo</strong></span> <span class='ocrx_word' id='word_1_33' title='bbox 1241 852 1376 931; x_wconf 92' lang='lat' dir='ltr'><strong>homine,</strong></span> <span class='ocrx_word' id='word_1_34' title='bbox 1404 859 1442 918; x_wconf 87' lang='lat' dir='ltr'><strong>ut</strong></span> <span class='ocrx_word' id='word_1_35' title='bbox 1464 875 1536 916; x_wconf 83' lang='lat' dir='ltr'><strong>mea</strong></span> 
     </span>
     <span class='ocr_line' id='line_1_5' title="bbox 331 951 1535 1036; baseline -0.007 -14"><span class='ocrx_word' id='word_1_36' title='bbox 331 979 446 1022; x_wconf 78' lang='lat' dir='ltr'><strong>caussa</strong></span> <span class='ocrx_word' id='word_1_37' title='bbox 469 954 660 1027; x_wconf 84' lang='lat' dir='ltr'><strong>mentiatur;</strong></span> <span class='ocrx_word' id='word_1_38' title='bbox 686 952 774 1017; x_wconf 87' lang='lat' dir='ltr'><strong>dieat</strong></span> <span class='ocrx_word' id='word_1_39' title='bbox 799 951 990 1016; x_wconf 79' lang='lat' dir='ltr'><strong>decisionem</strong></span> <span class='ocrx_word' id='word_1_40' title='bbox 1015 952 1133 1016; x_wconf 85' lang='lat' dir='ltr'><strong>factam</strong></span> <span class='ocrx_word' id='word_1_41' title='bbox 1159 973 1237 1030; x_wconf 89' lang='lat' dir='ltr'><strong>esse,</strong></span> <span class='ocrx_word' id='word_1_42' title='bbox 1263 971 1344 1036; x_wconf 88' lang='lat' dir='ltr'><strong>quae</strong></span> <span class='ocrx_word' id='word_1_43' title='bbox 1369 951 1457 1014; x_wconf 82' lang='lat' dir='ltr'><strong>sactu</strong></span> <span class='ocrx_word' id='word_1_44' title='bbox 1471 971 1535 1014; x_wconf 92' lang='lat' dir='ltr'><strong>non</strong></span> 
     </span>
     <span class='ocr_line' id='line_1_6' title="bbox 332 1049 1535 1134; baseline -0.007 -15"><span class='ocrx_word' id='word_1_45' title='bbox 332 1061 401 1128; x_wconf 86' lang='lat' dir='ltr'><strong>est;</strong></span> <span class='ocrx_word' id='word_1_46' title='bbox 428 1053 501 1117; x_wconf 84' lang='lat' dir='ltr'><strong>H·S</strong></span> <span class='ocrx_word' id='word_1_47' title='bbox 519 1071 656 1115; x_wconf 81' lang='lat' dir='ltr'><strong>cccrnn0</strong></span> <span class='ocrx_word' id='word_1_48' title='bbox 671 1073 692 1114; x_wconf 90' lang='lat' dir='ltr'><strong>a</strong></span> <span class='ocrx_word' id='word_1_49' title='bbox 708 1049 819 1114; x_wconf 83' lang='lat' dir='ltr'><strong>Fluvio</strong></span> <span class='ocrx_word' id='word_1_50' title='bbox 839 1050 917 1114; x_wconf 85' lang='lat' dir='ltr'><strong>data</strong></span> <span class='ocrx_word' id='word_1_51' title='bbox 938 1071 1008 1114; x_wconf 89' lang='lat' dir='ltr'><strong>esse</strong></span> <span class='ocrx_word' id='word_1_52' title='bbox 1025 1049 1158 1126; x_wconf 84' lang='lat' dir='ltr'><strong>Fannio,</strong></span> <span class='ocrx_word' id='word_1_53' title='bbox 1175 1070 1256 1134; x_wconf 86' lang='lat' dir='ltr'><strong>quae</strong></span> <span class='ocrx_word' id='word_1_54' title='bbox 1278 1050 1356 1112; x_wconf 87' lang='lat' dir='ltr'><strong>data</strong></span> <span class='ocrx_word' id='word_1_55' title='bbox 1370 1069 1434 1110; x_wconf 90' lang='lat' dir='ltr'><strong>nou</strong></span> <span class='ocrx_word' id='word_1_56' title='bbox 1449 1054 1535 1112; x_wconf 87' lang='lat' dir='ltr'><strong>sunt.</strong></span> 
     </span>
     <span class='ocr_line' id='line_1_7' title="bbox 334 1143 1535 1234; baseline -0.006 -18"><span class='ocrx_word' id='word_1_57' title='bbox 334 1153 398 1216; x_wconf 85' lang='lat' dir='ltr'><strong>Est</strong></span> <span class='ocrx_word' id='word_1_58' title='bbox 422 1151 483 1214; x_wconf 92' lang='lat' dir='ltr'><strong>hoc</strong></span> <span class='ocrx_word' id='word_1_59' title='bbox 507 1148 694 1234; x_wconf 89' lang='lat' dir='ltr'><strong>principium</strong></span> <span class='ocrx_word' id='word_1_60' title='bbox 719 1147 852 1232; x_wconf 86' lang='lat' dir='ltr'>improbi</span> <span class='ocrx_word' id='word_1_61' title='bbox 877 1146 984 1224; x_wconf 89' lang='lat' dir='ltr'><strong>animi,</strong></span> <span class='ocrx_word' id='word_1_62' title='bbox 1010 1146 1115 1210; x_wconf 89' lang='lat' dir='ltr'><strong>miseri</strong></span> <span class='ocrx_word' id='word_1_63' title='bbox 1139 1145 1266 1232; x_wconf 87' lang='lat' dir='ltr'><strong>ingenii,</strong></span> <span class='ocrx_word' id='word_1_64' title='bbox 1296 1144 1373 1208; x_wconf 90' lang='lat' dir='ltr'><strong>nulli</strong></span> <span class='ocrx_word' id='word_1_65' title='bbox 1403 1143 1535 1209; x_wconf 90' lang='lat' dir='ltr'><strong>consilii.</strong></span> 
     </span>
     <span class='ocr_line' id='line_1_8' title="bbox 334 1241 1538 1338; baseline -0.007 -26"><span class='ocrx_word' id='word_1_66' title='bbox 334 1249 419 1331; x_wconf 80' lang='lat' dir='ltr'><strong>Quid</strong></span> <span class='ocrx_word' id='word_1_67' title='bbox 434 1248 568 1312; x_wconf 63' lang='lat' dir='ltr'><strong>deiude?</strong></span> <span class='ocrx_word' id='word_1_68' title='bbox 613 1246 829 1338; x_wconf 78' lang='lat' dir='ltr'><strong>Posteaquam</strong></span> <span class='ocrx_word' id='word_1_69' title='bbox 851 1267 887 1310; x_wconf 91' lang='lat' dir='ltr'><strong>se</strong></span> <span class='ocrx_word' id='word_1_70' title='bbox 908 1243 1070 1330; x_wconf 86' lang='lat' dir='ltr'><strong>praeclare</strong></span> <span class='ocrx_word' id='word_1_71' title='bbox 1085 1243 1292 1320; x_wconf 85' lang='lat' dir='ltr'><strong>confirmavit,</strong></span> <span class='ocrx_word' id='word_1_72' title='bbox 1308 1241 1394 1306; x_wconf 87' lang='lat' dir='ltr'><strong>venit</strong></span> <span class='ocrx_word' id='word_1_73' title='bbox 1408 1242 1449 1306; x_wconf 85' lang='lat' dir='ltr'><strong>ad</strong></span> <span class='ocrx_word' id='word_1_74' title='bbox 1465 1241 1538 1306; x_wconf 83' lang='lat' dir='ltr'><strong>Olu-</strong></span> 
     </span>
     <span class='ocr_line' id='line_1_9' title="bbox 333 1339 1538 1428; baseline -0.007 -18"><span class='ocrx_word' id='word_1_75' title='bbox 333 1347 428 1410; x_wconf 88' lang='lat' dir='ltr'><strong>vium.</strong></span> <span class='ocrx_word' id='word_1_76' title='bbox 474 1347 577 1426; x_wconf 78' lang='lat' dir='ltr'><strong>Quem</strong></span> <span class='ocrx_word' id='word_1_77' title='bbox 601 1344 770 1421; x_wconf 88' lang='lat' dir='ltr'><strong>hominem,</strong></span> <span class='ocrx_word' id='word_1_78' title='bbox 794 1343 915 1408; x_wconf 70' lang='lat' dir='ltr'><strong>levem?</strong></span> <span class='ocrx_word' id='word_1_79' title='bbox 961 1341 1063 1406; x_wconf 89' lang='lat' dir='ltr'><strong>Immo</strong></span> <span class='ocrx_word' id='word_1_80' title='bbox 1086 1341 1314 1428; x_wconf 83' lang='lat' dir='ltr'><strong>gravissimum.</strong></span> <span class='ocrx_word' id='word_1_81' title='bbox 1362 1339 1538 1403; x_wconf 76' lang='lat' dir='ltr'><strong>Mobileml</strong></span> 
     </span>
     <span class='ocr_line' id='line_1_10' title="bbox 338 1436 1538 1508; baseline -0.008 0"><span class='ocrx_word' id='word_1_82' title='bbox 338 1445 440 1508; x_wconf 91' lang='lat' dir='ltr'><strong>Irnmo</strong></span> <span class='ocrx_word' id='word_1_83' title='bbox 455 1441 758 1507; x_wconf 87' lang='lat' dir='ltr'><strong>constantissimum.</strong></span> <span class='ocrx_word' id='word_1_84' title='bbox 798 1440 1022 1504; x_wconf 79' lang='lat' dir='ltr'><strong>Familiaremi</strong></span> <span class='ocrx_word' id='word_1_85' title='bbox 1052 1439 1154 1502; x_wconf 92' lang='lat' dir='ltr'><strong>Immo</strong></span> <span class='ocrx_word' id='word_1_86' title='bbox 1168 1438 1402 1502; x_wconf 88' lang='lat' dir='ltr'><strong>alienissimum.</strong></span> <span class='ocrx_word' id='word_1_87' title='bbox 1440 1436 1538 1500; x_wconf 89' lang='lat' dir='ltr'><strong>Hune</strong></span> 
     </span>
     <span class='ocr_line' id='line_1_11' title="bbox 336 1535 1535 1628; baseline -0.005 -22"><span class='ocrx_word' id='word_1_88' title='bbox 336 1549 544 1628; x_wconf 78' lang='lat' dir='ltr'><strong>posteaquam</strong></span> <span class='ocrx_word' id='word_1_89' title='bbox 566 1539 726 1618; x_wconf 84' lang='lat' dir='ltr'><strong>salutavit,</strong></span> <span class='ocrx_word' id='word_1_90' title='bbox 751 1561 867 1624; x_wconf 85' lang='lat' dir='ltr'><strong>rogare</strong></span> <span class='ocrx_word' id='word_1_91' title='bbox 892 1537 998 1623; x_wconf 83' lang='lat' dir='ltr'><strong>eoepit</strong></span> <span class='ocrx_word' id='word_1_92' title='bbox 1021 1537 1135 1602; x_wconf 78' lang='lat' dir='ltr'><strong>blande</strong></span> <span class='ocrx_word' id='word_1_93' title='bbox 1155 1545 1189 1602; x_wconf 89' lang='lat' dir='ltr'><strong>et</strong></span> <span class='ocrx_word' id='word_1_94' title='bbox 1214 1537 1367 1601; x_wconf 87' lang='lat' dir='ltr'><strong>concinne</strong></span> <span class='ocrx_word' id='word_1_95' title='bbox 1392 1535 1535 1600; x_wconf 85' lang='lat' dir='ltr'><strong>seilicet:</strong></span> 
     </span>
     <span class='ocr_line' id='line_1_12' title="bbox 335 1634 1539 1722; baseline -0.004 -20"><span class='ocrx_word' id='word_1_96' title='bbox 335 1637 471 1704; x_wconf 88' lang='lat' dir='ltr'><strong>mentire</strong></span> <span class='ocrx_word' id='word_1_97' title='bbox 493 1659 565 1701; x_wconf 88' lang='lat' dir='ltr'><strong>mea</strong></span> <span class='ocrx_word' id='word_1_98' title='bbox 590 1659 723 1712; x_wconf 83' lang='lat' dir='ltr'><strong>caussa;</strong></span> <span class='ocrx_word' id='word_1_99' title='bbox 749 1637 824 1701; x_wconf 84' lang='lat' dir='ltr'><strong>viris</strong></span> <span class='ocrx_word' id='word_1_100' title='bbox 849 1637 979 1722; x_wconf 86' lang='lat' dir='ltr'><strong>optimis</strong></span> <span class='ocrx_word' id='word_1_101' title='bbox 1003 1635 1068 1700; x_wconf 90' lang='lat' dir='ltr'><strong>tuis</strong></span> <span class='ocrx_word' id='word_1_102' title='bbox 1090 1635 1296 1699; x_wconf 80' lang='lat' dir='ltr'>familiaribus</span> <span class='ocrx_word' id='word_1_103' title='bbox 1320 1634 1539 1720; x_wconf 86' lang='lat' dir='ltr'><strong>praesentibus</strong></span> 
     </span>
     <span class='ocr_line' id='line_1_13' title="bbox 337 1731 1535 1821; baseline -0.004 -21"><span class='ocrx_word' id='word_1_104' title='bbox 337 1737 389 1800; x_wconf 92' lang='lat' dir='ltr'><strong>dic</strong></span> <span class='ocrx_word' id='word_1_105' title='bbox 406 1736 550 1800; x_wconf 87' lang='lat' dir='ltr'><strong>Flavium</strong></span> <span class='ocrx_word' id='word_1_106' title='bbox 564 1757 635 1798; x_wconf 92' lang='lat' dir='ltr'><strong>eum</strong></span> <span class='ocrx_word' id='word_1_107' title='bbox 652 1734 777 1798; x_wconf 85' lang='lat' dir='ltr'><strong>Fannio</strong></span> <span class='ocrx_word' id='word_1_108' title='bbox 792 1736 832 1798; x_wconf 93' lang='lat' dir='ltr'><strong>de</strong></span> <span class='ocrx_word' id='word_1_109' title='bbox 848 1735 1001 1821; x_wconf 84' lang='lat' dir='ltr'>Panurgo</span> <span class='ocrx_word' id='word_1_110' title='bbox 1017 1734 1182 1810; x_wconf 79' lang='lat' dir='ltr'><strong>decidisse,</strong></span> <span class='ocrx_word' id='word_1_111' title='bbox 1199 1733 1253 1819; x_wconf 93' lang='lat' dir='ltr'><strong>qui</strong></span> <span class='ocrx_word' id='word_1_112' title='bbox 1267 1732 1344 1796; x_wconf 91' lang='lat' dir='ltr'><strong>nihil</strong></span> <span class='ocrx_word' id='word_1_113' title='bbox 1360 1731 1535 1818; x_wconf 76' lang='lat' dir='ltr'><strong>transegit3</strong></span> 
     </span>
     <span class='ocr_line' id='line_1_14' title="bbox 337 1829 1539 1917; baseline -0.002 -21"><span class='ocrx_word' id='word_1_114' title='bbox 337 1834 388 1897; x_wconf 91' lang='lat' dir='ltr'><strong>dic</strong></span> <span class='ocrx_word' id='word_1_115' title='bbox 405 1833 478 1896; x_wconf 90' lang='lat' dir='ltr'><strong>H·S</strong></span> <span class='ocrx_word' id='word_1_116' title='bbox 494 1851 631 1896; x_wconf 90' lang='lat' dir='ltr'><strong>ccc1000</strong></span> <span class='ocrx_word' id='word_1_117' title='bbox 657 1831 791 1908; x_wconf 89' lang='lat' dir='ltr'><strong>dedisse,</strong></span> <span class='ocrx_word' id='word_1_118' title='bbox 816 1831 871 1917; x_wconf 92' lang='lat' dir='ltr'><strong>qui</strong></span> <span class='ocrx_word' id='word_1_119' title='bbox 896 1853 1001 1896; x_wconf 81' lang='lat' dir='ltr'><strong>assem</strong></span> <span class='ocrx_word' id='word_1_120' title='bbox 1025 1831 1142 1894; x_wconf 92' lang='lat' dir='ltr'><strong>nullum</strong></span> <span class='ocrx_word' id='word_1_121' title='bbox 1167 1831 1265 1894; x_wconf 90' lang='lat' dir='ltr'><strong>dedit.</strong></span> <span class='ocrx_word' id='word_1_122' title='bbox 1311 1829 1395 1911; x_wconf 79' lang='lat' dir='ltr'><strong>Quid</strong></span> <span class='ocrx_word' id='word_1_123' title='bbox 1418 1829 1470 1894; x_wconf 90' lang='lat' dir='ltr'><strong>ille</strong></span> <span class='ocrx_word' id='word_1_124' title='bbox 1491 1851 1539 1894; x_wconf 88' lang='lat' dir='ltr'><strong>re·</strong></span> 
     </span>
     <span class='ocr_line' id='line_1_15' title="bbox 336 1927 1540 2015; baseline -0.002 -22"><span class='ocrx_word' id='word_1_125' title='bbox 336 1930 487 2015; x_wconf 78' lang='lat' dir='ltr'><strong>spondili</strong></span> <span class='ocrx_word' id='word_1_126' title='bbox 539 1929 612 2014; x_wconf 85' lang='lat' dir='ltr'><strong>Ego</strong></span> <span class='ocrx_word' id='word_1_127' title='bbox 635 1951 709 1993; x_wconf 87' lang='lat' dir='ltr'><strong>vero</strong></span> <span class='ocrx_word' id='word_1_128' title='bbox 723 1929 835 2014; x_wconf 90' lang='lat' dir='ltr'><strong>cupide</strong></span> <span class='ocrx_word' id='word_1_129' title='bbox 850 1936 885 1993; x_wconf 89' lang='lat' dir='ltr'><strong>et</strong></span> <span class='ocrx_word' id='word_1_130' title='bbox 898 1929 1035 1994; x_wconf 76' lang='lat' dir='ltr'><strong>libenter</strong></span> <span class='ocrx_word' id='word_1_131' title='bbox 1057 1929 1194 1994; x_wconf 90' lang='lat' dir='ltr'><strong>mentiar</strong></span> <span class='ocrx_word' id='word_1_132' title='bbox 1215 1936 1273 1993; x_wconf 85' lang='lat' dir='ltr'><strong>tua</strong></span> <span class='ocrx_word' id='word_1_133' title='bbox 1295 1950 1417 2006; x_wconf 84' lang='lat' dir='ltr'><strong>caussa,</strong></span> <span class='ocrx_word' id='word_1_134' title='bbox 1442 1935 1485 2006; x_wconf 89' lang='lat' dir='ltr'><strong>et,</strong></span> <span class='ocrx_word' id='word_1_135' title='bbox 1512 1927 1540 1991; x_wconf 91' lang='lat' dir='ltr'><strong>si</strong></span> 
     </span>
     <span class='ocr_line' id='line_1_16' title="bbox 338 2025 1540 2112; baseline -0.002 -21"><span class='ocrx_word' id='word_1_136' title='bbox 338 2027 591 2112; x_wconf 83' lang='lat' dir='ltr'><strong>quandomevis</strong></span> <span class='ocrx_word' id='word_1_137' title='bbox 606 2027 801 2112; x_wconf 88' lang='lat' dir='ltr'><strong>pejerarent</strong></span> <span class='ocrx_word' id='word_1_138' title='bbox 822 2026 994 2111; x_wconf 76' lang='lat' dir='ltr'><strong>paullulum</strong></span> <span class='ocrx_word' id='word_1_139' title='bbox 1016 2033 1052 2091; x_wconf 88' lang='lat' dir='ltr'><strong>tu</strong></span> <span class='ocrx_word' id='word_1_140' title='bbox 1075 2025 1251 2111; x_wconf 88' lang='lat' dir='ltr'><strong>compendii</strong></span> <span class='ocrx_word' id='word_1_141' title='bbox 1269 2025 1376 2103; x_wconf 80' lang='lat' dir='ltr'><strong>facias,</strong></span> <span class='ocrx_word' id='word_1_142' title='bbox 1393 2032 1540 2110; x_wconf 86' lang='lat' dir='ltr'><strong>paratum</strong></span> 
     </span>
     <span class='ocr_line' id='line_1_17' title="bbox 338 2122 1540 2210; baseline -0.001 -23"><span class='ocrx_word' id='word_1_143' title='bbox 338 2125 406 2188; x_wconf 84' lang='lat' dir='ltr'><strong>fore</strong></span> <span class='ocrx_word' id='word_1_144' title='bbox 420 2124 525 2201; x_wconf 87' lang='lat' dir='ltr'><strong>scito;</strong></span> <span class='ocrx_word' id='word_1_145' title='bbox 550 2147 613 2188; x_wconf 90' lang='lat' dir='ltr'><strong>uon</strong></span> <span class='ocrx_word' id='word_1_146' title='bbox 635 2123 696 2190; x_wconf 81' lang='lat' dir='ltr'><strong>fuit</strong></span> <span class='ocrx_word' id='word_1_147' title='bbox 715 2146 828 2188; x_wconf 83' lang='lat' dir='ltr'><strong>caussa</strong></span> <span class='ocrx_word' id='word_1_148' title='bbox 849 2147 906 2188; x_wconf 90' lang='lat' dir='ltr'><strong>cur</strong></span> <span class='ocrx_word' id='word_1_149' title='bbox 920 2131 1047 2189; x_wconf 83' lang='lat' dir='ltr'><strong>tanturn</strong></span> <span class='ocrx_word' id='word_1_150' title='bbox 1067 2124 1207 2188; x_wconf 84' lang='lat' dir='ltr'><strong>laborem</strong></span> <span class='ocrx_word' id='word_1_151' title='bbox 1228 2143 1360 2210; x_wconf 82' lang='lat' dir='ltr'><strong>caperes</strong></span> <span class='ocrx_word' id='word_1_152' title='bbox 1374 2130 1408 2188; x_wconf 85' lang='lat' dir='ltr'><strong>et</strong></span> <span class='ocrx_word' id='word_1_153' title='bbox 1422 2122 1465 2186; x_wconf 85' lang='lat' dir='ltr'><strong>sd</strong></span> <span class='ocrx_word' id='word_1_154' title='bbox 1489 2145 1540 2186; x_wconf 91' lang='lat' dir='ltr'><strong>me</strong></span> 
     </span>
     <span class='ocr_line' id='line_1_18' title="bbox 337 2219 1540 2309; baseline -0.002 -25"><span class='ocrx_word' id='word_1_155' title='bbox 337 2222 477 2288; x_wconf 87' lang='lat' dir='ltr'><strong>venires:</strong></span> <span class='ocrx_word' id='word_1_156' title='bbox 505 2244 563 2309; x_wconf 88' lang='lat' dir='ltr'><strong>per</strong></span> <span class='ocrx_word' id='word_1_157' title='bbox 581 2221 728 2286; x_wconf 86' lang='lat' dir='ltr'><strong>nuntium</strong></span> <span class='ocrx_word' id='word_1_158' title='bbox 749 2222 809 2285; x_wconf 93' lang='lat' dir='ltr'><strong>hoc</strong></span> <span class='ocrx_word' id='word_1_159' title='bbox 831 2222 1005 2308; x_wconf 85' lang='lat' dir='ltr'><strong>quoderat</strong></span> <span class='ocrx_word' id='word_1_160' title='bbox 1025 2229 1093 2286; x_wconf 84' lang='lat' dir='ltr'><strong>tam</strong></span> <span class='ocrx_word' id='word_1_161' title='bbox 1112 2221 1180 2286; x_wconf 91' lang='lat' dir='ltr'><strong>leve</strong></span> <span class='ocrx_word' id='word_1_162' title='bbox 1197 2221 1374 2306; x_wconf 78' lang='lat' dir='ltr'><strong>transigere</strong></span> <span class='ocrx_word' id='word_1_163' title='bbox 1396 2219 1540 2306; x_wconf 82' lang='lat' dir='ltr'><strong>potuisti.</strong></span> 
     </span>
     <span class='ocr_line' id='line_1_19' title="bbox 339 2318 1543 2405; baseline 0 -23"><span class='ocrx_word' id='word_1_164' title='bbox 339 2318 462 2386; x_wconf 91' lang='lat' dir='ltr'>XVII.</span> <span class='ocrx_word' id='word_1_165' title='bbox 488 2320 553 2384; x_wconf 94' lang='lat' dir='ltr'><strong>Pro</strong></span> <span class='ocrx_word' id='word_1_166' title='bbox 567 2321 661 2384; x_wconf 90' lang='lat' dir='ltr'><strong>deum</strong></span> <span class='ocrx_word' id='word_1_167' title='bbox 675 2320 900 2405; x_wconf 89' lang='lat' dir='ltr'><strong>hominumque</strong></span> <span class='ocrx_word' id='word_1_168' title='bbox 914 2319 1027 2383; x_wconf 89' lang='lat' dir='ltr'><strong>fidem!</strong></span> <span class='ocrx_word' id='word_1_169' title='bbox 1053 2320 1114 2384; x_wconf 91' lang='lat' dir='ltr'><strong>hoc</strong></span> <span class='ocrx_word' id='word_1_170' title='bbox 1136 2327 1194 2384; x_wconf 83' lang='lat' dir='ltr'><strong>aut</strong></span> <span class='ocrx_word' id='word_1_171' title='bbox 1209 2319 1344 2383; x_wconf 86' lang='lat' dir='ltr'><strong>Roscius</strong></span> <span class='ocrx_word' id='word_1_172' title='bbox 1358 2341 1507 2404; x_wconf 84' lang='lat' dir='ltr'><strong>umquam</strong></span> <span class='ocrx_word' id='word_1_173' title='bbox 1522 2339 1543 2382; x_wconf 84' lang='lat' dir='ltr'><strong>s</strong></span> 
     </span>
     <span class='ocr_line' id='line_1_20' title="bbox 307 2416 1543 2504; baseline -0.001 -23"><span class='ocrx_word' id='word_1_174' title='bbox 307 2497 312 2504; x_wconf 87' lang='lat'>.</span> <span class='ocrx_word' id='word_1_175' title='bbox 338 2416 447 2481; x_wconf 83' lang='lat' dir='ltr'><strong>Oluvio</strong></span> <span class='ocrx_word' id='word_1_176' title='bbox 472 2417 615 2503; x_wconf 86' lang='lat' dir='ltr'><strong>petisset,</strong></span> <span class='ocrx_word' id='word_1_177' title='bbox 639 2417 666 2480; x_wconf 92' lang='lat' dir='ltr'><strong>si</strong></span> <span class='ocrx_word' id='word_1_178' title='bbox 693 2417 767 2482; x_wconf 89' lang='lat' dir='ltr'><strong>H·S</strong></span> <span class='ocrx_word' id='word_1_179' title='bbox 791 2416 904 2481; x_wconf 92' lang='lat' dir='ltr'><strong>millies</strong></span> <span class='ocrx_word' id='word_1_180' title='bbox 919 2417 951 2480; x_wconf 93' lang='lat' dir='ltr'><strong>in</strong></span> <span class='ocrx_word' id='word_1_181' title='bbox 971 2416 1126 2501; x_wconf 89' lang='lat' dir='ltr'><strong>judicium</strong></span> <span class='ocrx_word' id='word_1_182' title='bbox 1148 2417 1301 2481; x_wconf 69' lang='lat' dir='ltr'><strong>haberet?</strong></span> <span class='ocrx_word' id='word_1_183' title='bbox 1333 2425 1392 2482; x_wconf 82' lang='lat' dir='ltr'><strong>aut</strong></span> <span class='ocrx_word' id='word_1_184' title='bbox 1415 2416 1543 2481; x_wconf 78' lang='lat' dir='ltr'><strong>Cluvius</strong></span> 
     </span>
     <span class='ocr_line' id='line_1_21' title="bbox 339 2515 1543 2601; baseline -0.002 -22"><span class='ocrx_word' id='word_1_185' title='bbox 339 2515 456 2579; x_wconf 87' lang='lat' dir='ltr'><strong>Roscio</strong></span> <span class='ocrx_word' id='word_1_186' title='bbox 481 2516 604 2601; x_wconf 86' lang='lat' dir='ltr'><strong>petenti</strong></span> <span class='ocrx_word' id='word_1_187' title='bbox 630 2516 851 2591; x_wconf 81' lang='lat' dir='ltr'><strong>concessisset,</strong></span> <span class='ocrx_word' id='word_1_188' title='bbox 872 2515 900 2579; x_wconf 93' lang='lat' dir='ltr'><strong>si</strong></span> <span class='ocrx_word' id='word_1_189' title='bbox 920 2515 1085 2580; x_wconf 90' lang='lat' dir='ltr'><strong>universae</strong></span> <span class='ocrx_word' id='word_1_190' title='bbox 1104 2515 1240 2600; x_wconf 87' lang='lat' dir='ltr'><strong>praedae</strong></span> <span class='ocrx_word' id='word_1_191' title='bbox 1262 2515 1420 2600; x_wconf 83' lang='lat' dir='ltr'><strong>particeps</strong></span> <span class='ocrx_word' id='word_1_192' title='bbox 1434 2515 1543 2578; x_wconf 80' lang='lat' dir='ltr'><strong>esseti</strong></span> 
     </span>
     <span class='ocr_line' id='line_1_22' title="bbox 340 2611 1542 2697; baseline 0 -21"><span class='ocrx_word' id='word_1_193' title='bbox 340 2611 407 2677; x_wconf 87' lang='lat' dir='ltr'><strong>Vix</strong></span> <span class='ocrx_word' id='word_1_194' title='bbox 421 2613 545 2678; x_wconf 89' lang='lat' dir='ltr'><strong>medius</strong></span> <span class='ocrx_word' id='word_1_195' title='bbox 567 2613 661 2677; x_wconf 88' lang='lat' dir='ltr'><strong>lidius</strong></span> <span class='ocrx_word' id='word_1_196' title='bbox 683 2619 729 2691; x_wconf 89' lang='lat' dir='ltr'><strong>tu,</strong></span> <span class='ocrx_word' id='word_1_197' title='bbox 751 2613 865 2693; x_wconf 87' lang='lat' dir='ltr'><strong>Fanni,</strong></span> <span class='ocrx_word' id='word_1_198' title='bbox 887 2635 907 2677; x_wconf 87' lang='lat' dir='ltr'><strong>a</strong></span> <span class='ocrx_word' id='word_1_199' title='bbox 930 2611 1073 2678; x_wconf 86' lang='lat' dir='ltr'><strong>Ballione</strong></span> <span class='ocrx_word' id='word_1_200' title='bbox 1093 2622 1149 2677; x_wconf 83' lang='lat' dir='ltr'><strong>aut</strong></span> <span class='ocrx_word' id='word_1_201' title='bbox 1170 2611 1275 2697; x_wconf 88' lang='lat' dir='ltr'><strong>aliquo</strong></span> <span class='ocrx_word' id='word_1_202' title='bbox 1291 2612 1359 2697; x_wconf 90' lang='lat' dir='ltr'><strong>ejus</strong></span> <span class='ocrx_word' id='word_1_203' title='bbox 1373 2611 1466 2677; x_wconf 88' lang='lat' dir='ltr'><strong>simili</strong></span> <span class='ocrx_word' id='word_1_204' title='bbox 1481 2613 1542 2677; x_wconf 89' lang='lat' dir='ltr'><strong>hoc</strong></span> 
     </span>
     <span class='ocr_line' id='line_1_23' title="bbox 339 2710 1543 2797; baseline -0.002 -20"><span class='ocrx_word' id='word_1_205' title='bbox 339 2712 541 2797; x_wconf 85' lang='lat' dir='ltr'><strong>expostulare</strong></span> <span class='ocrx_word' id='word_1_206' title='bbox 564 2711 698 2775; x_wconf 88' lang='lat' dir='ltr'><strong>auderes</strong></span> <span class='ocrx_word' id='word_1_207' title='bbox 719 2719 753 2775; x_wconf 88' lang='lat' dir='ltr'><strong>et</strong></span> <span class='ocrx_word' id='word_1_208' title='bbox 774 2710 946 2797; x_wconf 84' lang='lat' dir='ltr'><strong>impetrare</strong></span> <span class='ocrx_word' id='word_1_209' title='bbox 968 2732 1087 2797; x_wconf 87' lang='lat' dir='ltr'><strong>posses,</strong></span> <span class='ocrx_word' id='word_1_210' title='bbox 1108 2710 1192 2795; x_wconf 93' lang='lat' dir='ltr'><strong>quod</strong></span> <span class='ocrx_word' id='word_1_211' title='bbox 1218 2732 1313 2795; x_wconf 91' lang='lat' dir='ltr'><strong>quum</strong></span> <span class='ocrx_word' id='word_1_212' title='bbox 1336 2718 1387 2775; x_wconf 86' lang='lat' dir='ltr'><strong>est</strong></span> <span class='ocrx_word' id='word_1_213' title='bbox 1409 2710 1543 2775; x_wconf 84' lang='lat' dir='ltr'><strong>veritate</strong></span> 
     </span>
     <span class='ocr_line' id='line_1_24' title="bbox 338 2806 1543 2894; baseline 0 -22"><span class='ocrx_word' id='word_1_214' title='bbox 338 2810 462 2887; x_wconf 83' lang='lat' dir='ltr'><strong>falsum,</strong></span> <span class='ocrx_word' id='word_1_215' title='bbox 478 2817 548 2875; x_wconf 91' lang='lat' dir='ltr'><strong>tum</strong></span> <span class='ocrx_word' id='word_1_216' title='bbox 563 2810 686 2874; x_wconf 87' lang='lat' dir='ltr'><strong>ratione</strong></span> <span class='ocrx_word' id='word_1_217' title='bbox 707 2830 832 2894; x_wconf 90' lang='lat' dir='ltr'><strong>quoque</strong></span> <span class='ocrx_word' id='word_1_218' title='bbox 852 2816 905 2874; x_wconf 88' lang='lat' dir='ltr'><strong>est</strong></span> <span class='ocrx_word' id='word_1_219' title='bbox 925 2807 1117 2873; x_wconf 83' lang='lat' dir='ltr'><strong>incredibile.</strong></span> <span class='ocrx_word' id='word_1_220' title='bbox 1163 2807 1342 2872; x_wconf 90' lang='lat' dir='ltr'><strong>Obliviscor</strong></span> <span class='ocrx_word' id='word_1_221' title='bbox 1364 2806 1447 2871; x_wconf 91' lang='lat' dir='ltr'><strong>enim</strong></span> <span class='ocrx_word' id='word_1_222' title='bbox 1462 2806 1543 2873; x_wconf 89' lang='lat' dir='ltr'><strong>Ros·</strong></span> 
     </span>
     <span class='ocr_line' id='line_1_25' title="bbox 339 2905 1544 2991; baseline -0.002 -19"><span class='ocrx_word' id='word_1_223' title='bbox 339 2908 423 2972; x_wconf 89' lang='lat' dir='ltr'><strong>oium</strong></span> <span class='ocrx_word' id='word_1_224' title='bbox 437 2914 472 2971; x_wconf 92' lang='lat' dir='ltr'><strong>et</strong></span> <span class='ocrx_word' id='word_1_225' title='bbox 494 2906 638 2971; x_wconf 86' lang='lat' dir='ltr'><strong>Oluvium</strong></span> <span class='ocrx_word' id='word_1_226' title='bbox 657 2906 741 2970; x_wconf 90' lang='lat' dir='ltr'><strong>viros</strong></span> <span class='ocrx_word' id='word_1_227' title='bbox 766 2928 837 2970; x_wconf 87' lang='lat' dir='ltr'><strong>esse</strong></span> <span class='ocrx_word' id='word_1_228' title='bbox 857 2905 1044 2991; x_wconf 88' lang='lat' dir='ltr'><strong>primarios:</strong></span> <span class='ocrx_word' id='word_1_229' title='bbox 1068 2905 1229 2990; x_wconf 89' lang='lat' dir='ltr'><strong>improbos</strong></span> <span class='ocrx_word' id='word_1_230' title='bbox 1251 2906 1405 2991; x_wconf 91' lang='lat' dir='ltr'><strong>temporis</strong></span> <span class='ocrx_word' id='word_1_231' title='bbox 1431 2926 1544 2970; x_wconf 80' lang='lat' dir='ltr'><strong>caussa</strong></span> 
     </span>
     <span class='ocr_line' id='line_1_26' title="bbox 338 3002 1544 3090; baseline -0.003 -20"><span class='ocrx_word' id='word_1_232' title='bbox 338 3028 410 3071; x_wconf 89' lang='lat' dir='ltr'><strong>esse</strong></span> <span class='ocrx_word' id='word_1_233' title='bbox 425 3006 521 3090; x_wconf 85' lang='lat' dir='ltr'><strong>fingo.</strong></span> <span class='ocrx_word' id='word_1_234' title='bbox 567 3004 700 3069; x_wconf 87' lang='lat' dir='ltr'><strong>Falsum</strong></span> <span class='ocrx_word' id='word_1_235' title='bbox 714 3004 901 3068; x_wconf 89' lang='lat' dir='ltr'><strong>subornavit</strong></span> <span class='ocrx_word' id='word_1_236' title='bbox 915 3010 1033 3069; x_wconf 83' lang='lat' dir='ltr'><strong>testem</strong></span> <span class='ocrx_word' id='word_1_237' title='bbox 1048 3002 1185 3071; x_wconf 89' lang='lat' dir='ltr'><strong>Roscius</strong></span> <span class='ocrx_word' id='word_1_238' title='bbox 1200 3002 1355 3067; x_wconf 82' lang='lat' dir='ltr'><strong>Cluvium.</strong></span> <span class='ocrx_word' id='word_1_239' title='bbox 1400 3003 1544 3069; x_wconf 77' lang='lat' dir='ltr'><strong>Guttam</strong></span> 
     </span>
     <span class='ocr_line' id='line_1_27' title="bbox 340 3098 1544 3186; baseline -0.004 -18"><span class='ocrx_word' id='word_1_240' title='bbox 340 3105 433 3168; x_wconf 72' lang='lat' dir='ltr'><strong>sero!</strong></span> <span class='ocrx_word' id='word_1_241' title='bbox 454 3126 511 3166; x_wconf 89' lang='lat' dir='ltr'><strong>cur</strong></span> <span class='ocrx_word' id='word_1_242' title='bbox 526 3124 624 3186; x_wconf 91' lang='lat' dir='ltr'><strong>quum</strong></span> <span class='ocrx_word' id='word_1_243' title='bbox 638 3101 743 3165; x_wconf 89' lang='lat' dir='ltr'><strong>altera</strong></span> <span class='ocrx_word' id='word_1_244' title='bbox 756 3100 867 3183; x_wconf 91' lang='lat' dir='ltr'><strong>pensio</strong></span> <span class='ocrx_word' id='word_1_245' title='bbox 883 3098 1032 3163; x_wconf 85' lang='lat' dir='ltr'><strong>solvenda</strong></span> <span class='ocrx_word' id='word_1_246' title='bbox 1046 3107 1142 3177; x_wconf 87' lang='lat' dir='ltr'><strong>esset,</strong></span> <span class='ocrx_word' id='word_1_247' title='bbox 1158 3122 1220 3163; x_wconf 92' lang='lat' dir='ltr'><strong>non</strong></span> <span class='ocrx_word' id='word_1_248' title='bbox 1236 3106 1304 3164; x_wconf 91' lang='lat' dir='ltr'><strong>tum</strong></span> <span class='ocrx_word' id='word_1_249' title='bbox 1320 3122 1416 3185; x_wconf 90' lang='lat' dir='ltr'><strong>quum</strong></span> <span class='ocrx_word' id='word_1_250' title='bbox 1427 3100 1544 3185; x_wconf 80' lang='lat' dir='ltr'><strong>primal</strong></span> 
     </span>
    </p>
   </div>
   <div class='ocr_carea' id='block_1_3' title="bbox 273 3233 1547 4666">
    <p class='ocr_par' dir='ltr' id='par_1_3' title="bbox 273 3233 1546 3865">
     <span class='ocr_line' id='line_1_28' title="bbox 372 3233 1544 3297; baseline -0.003 -13"><span class='ocrx_word' id='word_1_251' title='bbox 372 3238 435 3284; x_wconf 77' lang='lat' dir='ltr'><strong>nelli</strong></span> <span class='ocrx_word' id='word_1_252' title='bbox 457 3235 574 3296; x_wconf 73' lang='lat' dir='ltr'><strong>consilii]</strong></span> <span class='ocrx_word' id='word_1_253' title='bbox 610 3235 677 3283; x_wconf 84' lang='lat' dir='ltr'><strong>“Sic</strong></span> <span class='ocrx_word' id='word_1_254' title='bbox 698 3233 759 3282; x_wconf 92' lang='lat' dir='ltr'><strong>Cdd.</strong></span> <span class='ocrx_word' id='word_1_255' title='bbox 782 3233 845 3281; x_wconf 85' lang='lat' dir='ltr'><strong>Rdd.</strong></span> <span class='ocrx_word' id='word_1_256' title='bbox 864 3236 925 3281; x_wconf 82' lang='lat' dir='ltr'><strong>vett.</strong></span> <span class='ocrx_word' id='word_1_257' title='bbox 958 3248 1035 3295; x_wconf 76' lang='lat' dir='ltr'><strong>gusge</strong></span> <span class='ocrx_word' id='word_1_258' title='bbox 1050 3233 1071 3281; x_wconf 89' lang='lat' dir='ltr'><strong>is</strong></span> <span class='ocrx_word' id='word_1_259' title='bbox 1083 3234 1163 3281; x_wconf 78' lang='lat' dir='ltr'><strong>Latin.</strong></span> <span class='ocrx_word' id='word_1_260' title='bbox 1196 3234 1250 3282; x_wconf 85' lang='lat' dir='ltr'><strong>The</strong></span> <span class='ocrx_word' id='word_1_261' title='bbox 1260 3235 1329 3281; x_wconf 87' lang='lat' dir='ltr'><strong>other</strong></span> <span class='ocrx_word' id='word_1_262' title='bbox 1342 3240 1398 3297; x_wconf 84' lang='lat' dir='ltr'><strong>part</strong></span> <span class='ocrx_word' id='word_1_263' title='bbox 1408 3236 1451 3282; x_wconf 82' lang='lat' dir='ltr'><strong>lies</strong></span> <span class='ocrx_word' id='word_1_264' title='bbox 1462 3236 1544 3297; x_wconf 84' lang='lat' dir='ltr'><strong>nesrly</strong></span> 
     </span>
     <span class='ocr_line' id='line_1_29' title="bbox 339 3297 1544 3361; baseline -0.001 -13"><span class='ocrx_word' id='word_1_265' title='bbox 339 3303 401 3348; x_wconf 88' lang='lat' dir='ltr'><strong>Ven.</strong></span> <span class='ocrx_word' id='word_1_266' title='bbox 414 3302 484 3348; x_wconf 87' lang='lat' dir='ltr'><strong>Grut.</strong></span> <span class='ocrx_word' id='word_1_267' title='bbox 497 3301 582 3348; x_wconf 81' lang='lat' dir='ltr'><strong>Grsev.</strong></span> <span class='ocrx_word' id='word_1_268' title='bbox 594 3301 618 3346; x_wconf 80' lang='lat'><strong>0.</strong></span> <span class='ocrx_word' id='word_1_269' title='bbox 631 3298 686 3347; x_wconf 87' lang='lat' dir='ltr'>B:&#39;&#39;</span> <span class='ocrx_word' id='word_1_270' title='bbox 699 3298 783 3346; x_wconf 79' lang='lat' dir='ltr'><strong>Orelli.</strong></span> <span class='ocrx_word' id='word_1_271' title='bbox 815 3297 926 3345; x_wconf 78' lang='lat' dir='ltr'><strong>Theseis</strong></span> <span class='ocrx_word' id='word_1_272' title='bbox 959 3299 1046 3347; x_wconf 70' lang='lat' dir='ltr'><strong>sallon.</strong></span> <span class='ocrx_word' id='word_1_273' title='bbox 1080 3299 1131 3346; x_wconf 89' lang='lat' dir='ltr'><strong>But</strong></span> <span class='ocrx_word' id='word_1_274' title='bbox 1147 3314 1184 3347; x_wconf 77' lang='lat' dir='ltr'><strong>we</strong></span> <span class='ocrx_word' id='word_1_275' title='bbox 1198 3298 1258 3347; x_wconf 76' lang='lat' dir='ltr'><strong>hune</strong></span> <span class='ocrx_word' id='word_1_276' title='bbox 1275 3300 1417 3347; x_wconf 80' lang='lat' dir='ltr'><strong>overlooked</strong></span> <span class='ocrx_word' id='word_1_277' title='bbox 1434 3300 1476 3347; x_wconf 87' lang='lat' dir='ltr'><strong>the</strong></span> <span class='ocrx_word' id='word_1_278' title='bbox 1494 3300 1544 3361; x_wconf 89' lang='lat' dir='ltr'><strong>pri·</strong></span> 
     </span>
     <span class='ocr_line' id='line_1_30' title="bbox 339 3362 1544 3425; baseline -0.001 -13"><span class='ocrx_word' id='word_1_279' title='bbox 339 3366 459 3425; x_wconf 82' lang='lat' dir='ltr'><strong>suthority</strong></span> <span class='ocrx_word' id='word_1_280' title='bbox 480 3364 519 3411; x_wconf 79' lang='lat' dir='ltr'><strong>tor</strong></span> <span class='ocrx_word' id='word_1_281' title='bbox 546 3363 595 3411; x_wconf 84' lang='lat' dir='ltr'><strong>this</strong></span> <span class='ocrx_word' id='word_1_282' title='bbox 615 3363 677 3411; x_wconf 79' lang='lat' dir='ltr'><strong>form</strong></span> <span class='ocrx_word' id='word_1_283' title='bbox 699 3362 729 3409; x_wconf 82' lang='lat' dir='ltr'><strong>os</strong></span> <span class='ocrx_word' id='word_1_284' title='bbox 753 3363 795 3409; x_wconf 90' lang='lat' dir='ltr'><strong>the</strong></span> <span class='ocrx_word' id='word_1_285' title='bbox 822 3362 926 3423; x_wconf 78' lang='lat' dir='ltr'><strong>genitive</strong></span> <span class='ocrx_word' id='word_1_286' title='bbox 957 3376 1025 3425; x_wconf 78' lang='lat' dir='ltr'><strong>mory</strong></span> <span class='ocrx_word' id='word_1_287' title='bbox 1036 3364 1148 3425; x_wconf 70' lang='lat' dir='ltr'><strong>meaning</strong></span> <span class='ocrx_word' id='word_1_288' title='bbox 1158 3364 1186 3409; x_wconf 84' lang='lat' dir='ltr'><strong>of</strong></span> <span class='ocrx_word' id='word_1_289' title='bbox 1201 3363 1364 3420; x_wconf 65' lang='lat' dir='ltr'><strong>‘subornare&#39;</strong></span> <span class='ocrx_word' id='word_1_290' title='bbox 1381 3364 1458 3411; x_wconf 79' lang='lat' dir='ltr'><strong>which</strong></span> <span class='ocrx_word' id='word_1_291' title='bbox 1470 3365 1489 3411; x_wconf 86' lang='lat' dir='ltr'><strong>is</strong></span> <span class='ocrx_word' id='word_1_292' title='bbox 1502 3370 1544 3411; x_wconf 88' lang='lat' dir='ltr'><strong>‘to</strong></span> 
     </span>
     <span class='ocr_line' id='line_1_31' title="bbox 340 3426 1545 3489; baseline -0.001 -13"><span class='ocrx_word' id='word_1_293' title='bbox 340 3428 433 3476; x_wconf 73' lang='lat' dir='ltr'><strong>‘nulli&#39;</strong></span> <span class='ocrx_word' id='word_1_294' title='bbox 468 3428 494 3475; x_wconf 90' lang='lat' dir='ltr'><strong>lt</strong></span> <span class='ocrx_word' id='word_1_295' title='bbox 511 3442 594 3475; x_wconf 86' lang='lat' dir='ltr'><strong>occurs</strong></span> <span class='ocrx_word' id='word_1_296' title='bbox 610 3427 637 3476; x_wconf 94' lang='lat' dir='ltr'><strong>iu</strong></span> <span class='ocrx_word' id='word_1_297' title='bbox 651 3428 766 3482; x_wconf 83' lang='lat' dir='ltr'><strong>Terence,</strong></span> <span class='ocrx_word' id='word_1_298' title='bbox 783 3426 876 3475; x_wconf 78' lang='lat' dir='ltr'><strong>Audris</strong></span> <span class='ocrx_word' id='word_1_299' title='bbox 891 3427 924 3475; x_wconf 88' lang='lat' dir='ltr'><strong>iii.</strong></span> <span class='ocrx_word' id='word_1_300' title='bbox 958 3426 1048 3489; x_wconf 85' lang='lat' dir='ltr'><strong>equip,&#39;</strong></span> <span class='ocrx_word' id='word_1_301' title='bbox 1069 3428 1114 3475; x_wconf 79' lang='lat' dir='ltr'><strong>‘fit</strong></span> <span class='ocrx_word' id='word_1_302' title='bbox 1130 3426 1190 3485; x_wconf 86' lang='lat' dir='ltr'><strong>out,&#39;</strong></span> <span class='ocrx_word' id='word_1_303' title='bbox 1207 3428 1255 3476; x_wconf 86' lang='lat' dir='ltr'><strong>sud</strong></span> <span class='ocrx_word' id='word_1_304' title='bbox 1271 3443 1298 3476; x_wconf 93' lang='lat' dir='ltr'><strong>so</strong></span> <span class='ocrx_word' id='word_1_305' title='bbox 1314 3444 1363 3485; x_wconf 66' lang='lat' dir='ltr'><strong>ou,</strong></span> <span class='ocrx_word' id='word_1_306' title='bbox 1379 3428 1427 3476; x_wconf 88' lang='lat' dir='ltr'><strong>sud</strong></span> <span class='ocrx_word' id='word_1_307' title='bbox 1439 3444 1473 3476; x_wconf 72' lang='lat' dir='ltr'><strong>we</strong></span> <span class='ocrx_word' id='word_1_308' title='bbox 1484 3428 1545 3476; x_wconf 82' lang='lat' dir='ltr'><strong>hsve</strong></span> 
     </span>
     <span class='ocr_line' id='line_1_32' title="bbox 338 3492 1544 3557; baseline -0.001 -16"><span class='ocrx_word' id='word_1_309' title='bbox 338 3497 363 3542; x_wconf 78' lang='lat' dir='ltr'><strong>h.</strong></span> <span class='ocrx_word' id='word_1_310' title='bbox 375 3496 440 3540; x_wconf 82' lang='lat'><strong>2:—</strong></span> <span class='ocrx_word' id='word_1_311' title='bbox 958 3492 1030 3539; x_wconf 86' lang='lat' dir='ltr'><strong>tsksu</strong></span> <span class='ocrx_word' id='word_1_312' title='bbox 1041 3493 1099 3553; x_wconf 81' lang='lat' dir='ltr'><strong>only</strong></span> <span class='ocrx_word' id='word_1_313' title='bbox 1109 3492 1151 3539; x_wconf 87' lang='lat' dir='ltr'><strong>the</strong></span> <span class='ocrx_word' id='word_1_314' title='bbox 1167 3492 1297 3557; x_wconf 81' lang='lat' dir='ltr'><strong>secoudary</strong></span> <span class='ocrx_word' id='word_1_315' title='bbox 1309 3493 1420 3554; x_wconf 76' lang='lat' dir='ltr'><strong>meaning</strong></span> <span class='ocrx_word' id='word_1_316' title='bbox 1431 3493 1459 3540; x_wconf 81' lang='lat' dir='ltr'><strong>of</strong></span> <span class='ocrx_word' id='word_1_317' title='bbox 1475 3498 1544 3555; x_wconf 84' lang='lat' dir='ltr'><strong>‘pre-</strong></span> 
     </span>
     <span class='ocr_line' id='line_1_33' title="bbox 273 3555 1544 3619; baseline 0.002 -17"><span class='ocrx_word' id='word_1_318' title='bbox 273 3563 277 3573; x_wconf 88' lang='lat'>&#39;</span> <span class='ocrx_word' id='word_1_319' title='bbox 510 3557 618 3617; x_wconf 79' lang='lat' dir='ltr'><strong>“Atque</strong></span> <span class='ocrx_word' id='word_1_320' title='bbox 628 3556 674 3603; x_wconf 91' lang='lat' dir='ltr'><strong>hoc</strong></span> <span class='ocrx_word' id='word_1_321' title='bbox 684 3556 801 3603; x_wconf 86' lang='lat' dir='ltr'><strong>confiteor</strong></span> <span class='ocrx_word' id='word_1_322' title='bbox 958 3557 1042 3619; x_wconf 75' lang='lat' dir='ltr'><strong>psi-ing</strong></span> <span class='ocrx_word' id='word_1_323' title='bbox 1052 3572 1080 3604; x_wconf 92' lang='lat' dir='ltr'><strong>or</strong></span> <span class='ocrx_word' id='word_1_324' title='bbox 1090 3555 1226 3617; x_wconf 76' lang='lat' dir='ltr'><strong>luruishing</strong></span> <span class='ocrx_word' id='word_1_325' title='bbox 1236 3573 1251 3605; x_wconf 87' lang='lat' dir='ltr'><strong>s</strong></span> <span class='ocrx_word' id='word_1_326' title='bbox 1261 3557 1373 3614; x_wconf 84' lang='lat' dir='ltr'><strong>witness,&#39;</strong></span> <span class='ocrx_word' id='word_1_327' title='bbox 1385 3557 1462 3605; x_wconf 79' lang='lat' dir='ltr'><strong>which</strong></span> <span class='ocrx_word' id='word_1_328' title='bbox 1473 3573 1544 3619; x_wconf 79' lang='lat' dir='ltr'><strong>gene·</strong></span> 
     </span>
     <span class='ocr_line' id='line_1_34' title="bbox 340 3619 1546 3685; baseline -0.001 -15"><span class='ocrx_word' id='word_1_329' title='bbox 340 3622 400 3671; x_wconf 86' lang='lat' dir='ltr'><strong>Jure</strong></span> <span class='ocrx_word' id='word_1_330' title='bbox 419 3621 479 3668; x_wconf 90' lang='lat' dir='ltr'><strong>mihi</strong></span> <span class='ocrx_word' id='word_1_331' title='bbox 500 3620 621 3681; x_wconf 71' lang='lat' dir='ltr'><strong>obtigisse,</strong></span> <span class='ocrx_word' id='word_1_332' title='bbox 641 3620 738 3683; x_wconf 74' lang='lat' dir='ltr'><strong>quaudo</strong></span> <span class='ocrx_word' id='word_1_333' title='bbox 756 3619 853 3683; x_wconf 83' lang='lat' dir='ltr'><strong>quidem</strong></span> <span class='ocrx_word' id='word_1_334' title='bbox 874 3625 927 3669; x_wconf 79' lang='lat' dir='ltr'><strong>turn</strong></span> <span class='ocrx_word' id='word_1_335' title='bbox 959 3622 1017 3683; x_wconf 78' lang='lat' dir='ltr'><strong>relly</strong></span> <span class='ocrx_word' id='word_1_336' title='bbox 1028 3620 1049 3667; x_wconf 91' lang='lat' dir='ltr'><strong>is</strong></span> <span class='ocrx_word' id='word_1_337' title='bbox 1061 3620 1103 3669; x_wconf 84' lang='lat' dir='ltr'><strong>the</strong></span> <span class='ocrx_word' id='word_1_338' title='bbox 1114 3636 1179 3669; x_wconf 80' lang='lat' dir='ltr'><strong>same</strong></span> <span class='ocrx_word' id='word_1_339' title='bbox 1190 3622 1259 3683; x_wconf 75' lang='lat' dir='ltr'><strong>thing</strong></span> <span class='ocrx_word' id='word_1_340' title='bbox 1270 3638 1296 3669; x_wconf 81' lang='lat' dir='ltr'><strong>ss</strong></span> <span class='ocrx_word' id='word_1_341' title='bbox 1307 3622 1400 3683; x_wconf 74' lang='lat' dir='ltr'><strong>getting</strong></span> <span class='ocrx_word' id='word_1_342' title='bbox 1411 3622 1460 3669; x_wconf 87' lang='lat' dir='ltr'><strong>him</strong></span> <span class='ocrx_word' id='word_1_343' title='bbox 1472 3620 1546 3685; x_wconf 82' lang='lat' dir='ltr'><strong>ready</strong></span> 
     </span>
     <span class='ocr_line' id='line_1_35' title="bbox 275 3684 1545 3750; baseline 0.002 -17"><span class='ocrx_word' id='word_1_344' title='bbox 275 3698 280 3708; x_wconf 90' lang='lat'><strong>·</strong></span> <span class='ocrx_word' id='word_1_345' title='bbox 371 3684 578 3750; x_wconf 83' lang='lat' dir='ltr'><strong>iners,tsmuulli</strong></span> <span class='ocrx_word' id='word_1_346' title='bbox 588 3685 672 3734; x_wconf 87' lang='lat' dir='ltr'><strong>consili</strong></span> <span class='ocrx_word' id='word_1_347' title='bbox 959 3691 986 3733; x_wconf 86' lang='lat' dir='ltr'><strong>to</strong></span> <span class='ocrx_word' id='word_1_348' title='bbox 1007 3686 1046 3733; x_wconf 86' lang='lat' dir='ltr'><strong>lie.</strong></span> <span class='ocrx_word' id='word_1_349' title='bbox 1088 3684 1170 3733; x_wconf 86' lang='lat' dir='ltr'><strong>Cicero</strong></span> <span class='ocrx_word' id='word_1_350' title='bbox 1194 3702 1248 3748; x_wconf 76' lang='lat' dir='ltr'><strong>says</strong></span> <span class='ocrx_word' id='word_1_351' title='bbox 1277 3686 1378 3734; x_wconf 77' lang='lat' dir='ltr'><strong>‘fulsum</strong></span> <span class='ocrx_word' id='word_1_352' title='bbox 1400 3685 1503 3744; x_wconf 78' lang='lat' dir='ltr'><strong>testem,&#39;</strong></span> <span class='ocrx_word' id='word_1_353' title='bbox 1532 3687 1545 3735; x_wconf 91' lang='lat'>1</span> 
     </span>
     <span class='ocr_line' id='line_1_36' title="bbox 340 3749 1544 3813; baseline -0.002 -13"><span class='ocrx_word' id='word_1_354' title='bbox 340 3749 424 3800; x_wconf 82' lang='lat' dir='ltr'><strong>Sum.&#39;&#39;</strong></span> <span class='ocrx_word' id='word_1_355' title='bbox 459 3764 463 3771; x_wconf 85' lang='grc'><strong>’</strong></span> <span class='ocrx_word' id='word_1_356' title='bbox 590 3758 594 3765; x_wconf 81' lang='grc'><strong>’</strong></span> <span class='ocrx_word' id='word_1_357' title='bbox 956 3749 1544 3813; x_wconf 72' lang='lat' dir='ltr'><strong>dou&#39;tbelievethstouruotiunot‘subomiug&#39;</strong></span> 
     </span>
     <span class='ocr_line' id='line_1_37' title="bbox 956 3815 1546 3865; baseline 0 -2"><span class='ocrx_word' id='word_1_358' title='bbox 956 3815 977 3863; x_wconf 87' lang='lat' dir='ltr'><strong>is</strong></span> <span class='ocrx_word' id='word_1_359' title='bbox 993 3830 1048 3863; x_wconf 85' lang='lat' dir='ltr'><strong>ever</strong></span> <span class='ocrx_word' id='word_1_360' title='bbox 1062 3815 1137 3863; x_wconf 79' lang='lat' dir='ltr'><strong>round</strong></span> <span class='ocrx_word' id='word_1_361' title='bbox 1153 3816 1178 3863; x_wconf 90' lang='lat' dir='ltr'><strong>iu</strong></span> <span class='ocrx_word' id='word_1_362' title='bbox 1195 3816 1237 3863; x_wconf 83' lang='lat' dir='ltr'><strong>the</strong></span> <span class='ocrx_word' id='word_1_363' title='bbox 1254 3816 1325 3863; x_wconf 82' lang='lat' dir='ltr'><strong>Latin</strong></span> <span class='ocrx_word' id='word_1_364' title='bbox 1341 3817 1406 3863; x_wconf 75' lang='lat' dir='ltr'><strong>sord</strong></span> <span class='ocrx_word' id='word_1_365' title='bbox 1422 3816 1507 3865; x_wconf 76' lang='lat' dir='ltr'><strong>sloucr</strong></span> <span class='ocrx_word' id='word_1_366' title='bbox 1525 3817 1546 3864; x_wconf 83' lang='lat' dir='ltr'><strong>it</strong></span> 
     </span>
    </p>

    <p class='ocr_par' dir='ltr' id='par_1_4' title="bbox 337 3878 1547 4666">
     <span class='ocr_line' id='line_1_38' title="bbox 374 3878 1273 3941; baseline -0.001 -13"><span class='ocrx_word' id='word_1_367' title='bbox 374 3882 412 3937; x_wconf 85' lang='grc'><strong>17.</strong></span> <span class='ocrx_word' id='word_1_368' title='bbox 429 3880 456 3927; x_wconf 80' lang='lat' dir='ltr'><strong>is</strong></span> <span class='ocrx_word' id='word_1_369' title='bbox 469 3879 595 3940; x_wconf 69' lang='lat' dir='ltr'><strong>judiciem</strong></span> <span class='ocrx_word' id='word_1_370' title='bbox 612 3878 746 3941; x_wconf 67' lang='lat' dir='ltr'><strong>luterell]</strong></span> <span class='ocrx_word' id='word_1_371' title='bbox 773 3879 820 3927; x_wconf 83' lang='lat' dir='ltr'><strong>‘If</strong></span> <span class='ocrx_word' id='word_1_372' title='bbox 833 3879 924 3927; x_wconf 88' lang='lat' dir='ltr'><strong>hehsd</strong></span> <span class='ocrx_word' id='word_1_373' title='bbox 956 3894 1035 3928; x_wconf 87' lang='lat' dir='ltr'><strong>comcs</strong></span> <span class='ocrx_word' id='word_1_374' title='bbox 1046 3880 1109 3928; x_wconf 78' lang='lat' dir='ltr'><strong>from</strong></span> <span class='ocrx_word' id='word_1_375' title='bbox 1119 3880 1273 3928; x_wconf 79' lang='lat' dir='ltr'><strong>thecoutest.</strong></span> 
     </span>
     <span class='ocr_line' id='line_1_39' title="bbox 338 3942 1546 4007; baseline -0.001 -13"><span class='ocrx_word' id='word_1_376' title='bbox 338 3962 355 3994; x_wconf 88' lang='lat' dir='ltr'><strong>s</strong></span> <span class='ocrx_word' id='word_1_377' title='bbox 370 3945 457 3992; x_wconf 86' lang='lat' dir='ltr'><strong>millies</strong></span> <span class='ocrx_word' id='word_1_378' title='bbox 470 3952 497 3992; x_wconf 83' lang='lat' dir='ltr'><strong>st</strong></span> <span class='ocrx_word' id='word_1_379' title='bbox 513 3944 582 3991; x_wconf 68' lang='lat' dir='ltr'><strong>stoke</strong></span> <span class='ocrx_word' id='word_1_380' title='bbox 600 3944 626 3991; x_wconf 93' lang='lat' dir='ltr'><strong>iu</strong></span> <span class='ocrx_word' id='word_1_381' title='bbox 643 3944 685 3991; x_wconf 86' lang='lat' dir='ltr'><strong>the</strong></span> <span class='ocrx_word' id='word_1_382' title='bbox 701 3942 774 3991; x_wconf 65' lang='lat' dir='ltr'><strong>uid!</strong></span> <span class='ocrx_word' id='word_1_383' title='bbox 807 3943 854 3993; x_wconf 81' lang='lat' dir='ltr'><strong>See</strong></span> <span class='ocrx_word' id='word_1_384' title='bbox 866 3944 923 3993; x_wconf 89' lang='lat' dir='ltr'><strong>Vol.</strong></span> <span class='ocrx_word' id='word_1_385' title='bbox 989 3946 1068 3994; x_wconf 80' lang='lat' dir='ltr'><strong>ultera</strong></span> <span class='ocrx_word' id='word_1_386' title='bbox 1083 3945 1181 4007; x_wconf 77' lang='lat' dir='ltr'><strong>pensio]</strong></span> <span class='ocrx_word' id='word_1_387' title='bbox 1217 3944 1343 3993; x_wconf 77' lang='lat' dir='ltr'><strong>Manutius</strong></span> <span class='ocrx_word' id='word_1_388' title='bbox 1364 3945 1433 3993; x_wconf 80' lang='lat' dir='ltr'><strong>tslres</strong></span> <span class='ocrx_word' id='word_1_389' title='bbox 1450 3945 1499 3993; x_wconf 89' lang='lat' dir='ltr'><strong>this</strong></span> <span class='ocrx_word' id='word_1_390' title='bbox 1519 3950 1546 3993; x_wconf 91' lang='lat' dir='ltr'><strong>to</strong></span> 
     </span>
     <span class='ocr_line' id='line_1_40' title="bbox 339 4008 1546 4072; baseline -0.001 -13"><span class='ocrx_word' id='word_1_391' title='bbox 339 4010 361 4059; x_wconf 93' lang='lat'><strong>1.</strong></span> <span class='ocrx_word' id='word_1_392' title='bbox 371 4010 441 4057; x_wconf 83' lang='lat' dir='ltr'><strong>Ver-r.</strong></span> <span class='ocrx_word' id='word_1_393' title='bbox 452 4009 547 4057; x_wconf 69' lang='lat' dir='ltr'><strong>Mc.</strong></span> <span class='ocrx_word' id='word_1_394' title='bbox 558 4010 600 4064; x_wconf 80' lang='lat'><strong>27.</strong></span> <span class='ocrx_word' id='word_1_395' title='bbox 623 4008 669 4056; x_wconf 85' lang='lat' dir='ltr'><strong>Pro</strong></span> <span class='ocrx_word' id='word_1_396' title='bbox 681 4008 789 4066; x_wconf 78' lang='lat' dir='ltr'><strong>Quintio,</strong></span> <span class='ocrx_word' id='word_1_397' title='bbox 800 4024 822 4056; x_wconf 90' lang='lat' dir='ltr'><strong>c.</strong></span> <span class='ocrx_word' id='word_1_398' title='bbox 833 4013 858 4057; x_wconf 76' lang='lat' dir='ltr'><strong>h.</strong></span> <span class='ocrx_word' id='word_1_399' title='bbox 957 4024 1026 4057; x_wconf 81' lang='lat' dir='ltr'><strong>mesu</strong></span> <span class='ocrx_word' id='word_1_400' title='bbox 1038 4010 1079 4057; x_wconf 85' lang='lat' dir='ltr'><strong>the</strong></span> <span class='ocrx_word' id='word_1_401' title='bbox 1094 4014 1208 4072; x_wconf 84' lang='lat' dir='ltr'><strong>psymsnt</strong></span> <span class='ocrx_word' id='word_1_402' title='bbox 1224 4010 1368 4058; x_wconf 83' lang='lat' dir='ltr'><strong>msdscrto</strong></span> <span class='ocrx_word' id='word_1_403' title='bbox 1387 4009 1418 4058; x_wconf 88' lang='lat' dir='ltr'><strong>be</strong></span> <span class='ocrx_word' id='word_1_404' title='bbox 1432 4010 1503 4058; x_wconf 86' lang='lat' dir='ltr'><strong>rusde</strong></span> <span class='ocrx_word' id='word_1_405' title='bbox 1518 4016 1546 4058; x_wconf 89' lang='lat' dir='ltr'><strong>to</strong></span> 
     </span>
     <span class='ocr_line' id='line_1_41' title="bbox 371 4072 1546 4138; baseline -0.002 -15"><span class='ocrx_word' id='word_1_406' title='bbox 371 4072 539 4137; x_wconf 67' lang='lat' dir='ltr'><strong>expostulare]</strong></span> <span class='ocrx_word' id='word_1_407' title='bbox 575 4072 772 4136; x_wconf 71' lang='lat' dir='ltr'><strong>‘etpostulsres&#39;</strong></span> <span class='ocrx_word' id='word_1_408' title='bbox 790 4073 873 4121; x_wconf 82' lang='lat' dir='ltr'><strong>Klots.</strong></span> <span class='ocrx_word' id='word_1_409' title='bbox 956 4073 1062 4122; x_wconf 68' lang='lat' dir='ltr'><strong>Chauco</strong></span> <span class='ocrx_word' id='word_1_410' title='bbox 1081 4074 1113 4136; x_wconf 78' lang='lat' dir='ltr'><strong>hy</strong></span> <span class='ocrx_word' id='word_1_411' title='bbox 1131 4074 1233 4123; x_wconf 85' lang='lat' dir='ltr'><strong>Roscius</strong></span> <span class='ocrx_word' id='word_1_412' title='bbox 1250 4072 1283 4137; x_wconf 88' lang='lat' dir='ltr'><strong>(c.</strong></span> <span class='ocrx_word' id='word_1_413' title='bbox 1304 4076 1353 4138; x_wconf 81' lang='lat'>10).</span> <span class='ocrx_word' id='word_1_414' title='bbox 1387 4075 1471 4123; x_wconf 83' lang='lat' dir='ltr'><strong>Cicero</strong></span> <span class='ocrx_word' id='word_1_415' title='bbox 1488 4090 1546 4137; x_wconf 88' lang='lat' dir='ltr'><strong>sup·</strong></span> 
     </span>
     <span class='ocr_line' id='line_1_42' title="bbox 372 4136 1543 4201; baseline -0.001 -13"><span class='ocrx_word' id='word_1_416' title='bbox 372 4140 488 4199; x_wconf 80' lang='lat' dir='ltr'><strong>temporis</strong></span> <span class='ocrx_word' id='word_1_417' title='bbox 513 4138 610 4199; x_wconf 73' lang='lat' dir='ltr'><strong>caum]</strong></span> <span class='ocrx_word' id='word_1_418' title='bbox 657 4136 708 4183; x_wconf 85' lang='lat' dir='ltr'><strong>‘ior</strong></span> <span class='ocrx_word' id='word_1_419' title='bbox 729 4138 771 4184; x_wconf 86' lang='lat' dir='ltr'><strong>the</strong></span> <span class='ocrx_word' id='word_1_420' title='bbox 794 4136 922 4185; x_wconf 65' lang='lat' dir='ltr'><strong>occssion!</strong></span> <span class='ocrx_word' id='word_1_421' title='bbox 955 4138 1184 4200; x_wconf 79' lang='lat' dir='ltr'><strong>posesthscsseol</strong></span> <span class='ocrx_word' id='word_1_422' title='bbox 1200 4139 1302 4188; x_wconf 79' lang='lat' dir='ltr'><strong>Roscius</strong></span> <span class='ocrx_word' id='word_1_423' title='bbox 1318 4138 1543 4201; x_wconf 74' lang='lat' dir='ltr'><strong>muudngcluvius</strong></span> 
     </span>
     <span class='ocr_line' id='line_1_43' title="bbox 339 4202 1546 4264; baseline -0.001 -12"><span class='ocrx_word' id='word_1_424' title='bbox 339 4205 371 4252; x_wconf 92' lang='lat' dir='ltr'><strong>Iu</strong></span> <span class='ocrx_word' id='word_1_425' title='bbox 387 4204 430 4251; x_wconf 86' lang='lat' dir='ltr'><strong>the</strong></span> <span class='ocrx_word' id='word_1_426' title='bbox 448 4204 506 4264; x_wconf 73' lang='lat' dir='ltr'><strong>long</strong></span> <span class='ocrx_word' id='word_1_427' title='bbox 524 4202 602 4257; x_wconf 83' lang='lat' dir='ltr'><strong>letter,</strong></span> <span class='ocrx_word' id='word_1_428' title='bbox 622 4202 662 4249; x_wconf 82' lang='lat' dir='ltr'><strong>Ad</strong></span> <span class='ocrx_word' id='word_1_429' title='bbox 681 4202 799 4253; x_wconf 78' lang='lat' dir='ltr'><strong>Quintum</strong></span> <span class='ocrx_word' id='word_1_430' title='bbox 818 4202 927 4251; x_wconf 78' lang='lat' dir='ltr'><strong>Frstucur</strong></span> <span class='ocrx_word' id='word_1_431' title='bbox 959 4208 986 4250; x_wconf 82' lang='lat' dir='ltr'><strong>to</strong></span> <span class='ocrx_word' id='word_1_432' title='bbox 1003 4208 1065 4251; x_wconf 80' lang='lat' dir='ltr'><strong>utute</strong></span> <span class='ocrx_word' id='word_1_433' title='bbox 1083 4218 1097 4250; x_wconf 84' lang='lat' dir='ltr'><strong>s</strong></span> <span class='ocrx_word' id='word_1_434' title='bbox 1115 4203 1245 4253; x_wconf 82' lang='lat' dir='ltr'><strong>sslschood.</strong></span> <span class='ocrx_word' id='word_1_435' title='bbox 1278 4204 1363 4253; x_wconf 84' lang='lat' dir='ltr'><strong>About</strong></span> <span class='ocrx_word' id='word_1_436' title='bbox 1379 4204 1460 4251; x_wconf 77' lang='lat' dir='ltr'><strong>what?</strong></span> <span class='ocrx_word' id='word_1_437' title='bbox 1493 4204 1546 4251; x_wconf 78' lang='lat' dir='ltr'><strong>&#39;l&#39;ho</strong></span> 
     </span>
     <span class='ocr_line' id='line_1_44' title="bbox 339 4265 1547 4331; baseline 0 -15"><span class='ocrx_word' id='word_1_438' title='bbox 339 4267 416 4330; x_wconf 77' lang='lat' dir='ltr'><strong>(ch),</strong></span> <span class='ocrx_word' id='word_1_439' title='bbox 428 4265 925 4329; x_wconf 68' lang='lat' dir='ltr'><strong>‘tempus&#39;isopposedtosnothoethiugr</strong></span> <span class='ocrx_word' id='word_1_440' title='bbox 959 4274 1060 4321; x_wconf 70' lang='lat' dir='ltr'><strong>amount</strong></span> <span class='ocrx_word' id='word_1_441' title='bbox 1078 4268 1107 4315; x_wconf 80' lang='lat' dir='ltr'><strong>ol</strong></span> <span class='ocrx_word' id='word_1_442' title='bbox 1122 4268 1164 4316; x_wconf 84' lang='lat' dir='ltr'><strong>the</strong></span> <span class='ocrx_word' id='word_1_443' title='bbox 1180 4284 1266 4331; x_wconf 79' lang='lat' dir='ltr'><strong>money</strong></span> <span class='ocrx_word' id='word_1_444' title='bbox 1285 4269 1363 4316; x_wconf 84' lang='lat' dir='ltr'><strong>which</strong></span> <span class='ocrx_word' id='word_1_445' title='bbox 1382 4270 1489 4317; x_wconf 80' lang='lat' dir='ltr'><strong>Chseres</strong></span> <span class='ocrx_word' id='word_1_446' title='bbox 1504 4276 1547 4329; x_wconf 80' lang='lat' dir='ltr'><strong>got</strong></span> 
     </span>
     <span class='ocr_line' id='line_1_45' title="bbox 339 4331 1545 4395; baseline 0.001 -16"><span class='ocrx_word' id='word_1_447' title='bbox 339 4334 384 4379; x_wconf 82' lang='lat' dir='ltr'><strong>“si</strong></span> <span class='ocrx_word' id='word_1_448' title='bbox 403 4348 475 4395; x_wconf 86' lang='lat' dir='ltr'><strong>quem</strong></span> <span class='ocrx_word' id='word_1_449' title='bbox 494 4332 555 4379; x_wconf 76' lang='lat' dir='ltr'><strong>torte</strong></span> <span class='ocrx_word' id='word_1_450' title='bbox 572 4332 609 4378; x_wconf 86' lang='lat' dir='ltr'><strong>tui</strong></span> <span class='ocrx_word' id='word_1_451' title='bbox 630 4331 737 4391; x_wconf 77' lang='lat' dir='ltr'><strong>cognosti</strong></span> <span class='ocrx_word' id='word_1_452' title='bbox 758 4332 925 4389; x_wconf 74' lang='lat' dir='ltr'><strong>eruendorum,</strong></span> <span class='ocrx_word' id='word_1_453' title='bbox 958 4332 1019 4380; x_wconf 77' lang='lat' dir='ltr'><strong>from</strong></span> <span class='ocrx_word' id='word_1_454' title='bbox 1040 4332 1143 4380; x_wconf 74' lang='lat' dir='ltr'><strong>Rarius.</strong></span> <span class='ocrx_word' id='word_1_455' title='bbox 1184 4333 1545 4395; x_wconf 79' lang='lat' dir='ltr'><strong>‘Whyisthisdonesolsto?</strong></span> 
     </span>
     <span class='ocr_line' id='line_1_46' title="bbox 338 4394 1546 4459; baseline -0.001 -15"><span class='ocrx_word' id='word_1_456' title='bbox 338 4398 466 4445; x_wconf 78' lang='lat' dir='ltr'><strong>herienim</strong></span> <span class='ocrx_word' id='word_1_457' title='bbox 476 4396 647 4458; x_wconf 82' lang='lat' dir='ltr'><strong>potuit‚qusm</strong></span> <span class='ocrx_word' id='word_1_458' title='bbox 657 4394 799 4457; x_wconf 74' lang='lat' dir='ltr'><strong>temporis”</strong></span> <span class='ocrx_word' id='word_1_459' title='bbox 908 4438 912 4445; x_wconf 93' lang='grc'><em>,</em></span> <span class='ocrx_word' id='word_1_460' title='bbox 957 4396 1023 4459; x_wconf 87' lang='lat' dir='ltr'><strong>Why</strong></span> <span class='ocrx_word' id='word_1_461' title='bbox 1035 4401 1104 4445; x_wconf 69' lang='lat' dir='ltr'><strong>when</strong></span> <span class='ocrx_word' id='word_1_462' title='bbox 1115 4397 1158 4445; x_wconf 86' lang='lat' dir='ltr'><strong>the</strong></span> <span class='ocrx_word' id='word_1_463' title='bbox 1169 4398 1256 4445; x_wconf 88' lang='lat' dir='ltr'><strong>second</strong></span> <span class='ocrx_word' id='word_1_464' title='bbox 1273 4404 1388 4458; x_wconf 84' lang='lat' dir='ltr'><strong>psymest</strong></span> <span class='ocrx_word' id='word_1_465' title='bbox 1404 4412 1452 4445; x_wconf 71' lang='grc' dir='ltr'><strong>παι</strong></span> <span class='ocrx_word' id='word_1_466' title='bbox 1470 4403 1496 4445; x_wconf 92' lang='lat' dir='ltr'><strong>to</strong></span> <span class='ocrx_word' id='word_1_467' title='bbox 1515 4397 1546 4444; x_wconf 87' lang='lat' dir='ltr'><strong>bc</strong></span> 
     </span>
     <span class='ocr_line' id='line_1_47' title="bbox 369 4460 1547 4523; baseline -0.001 -13"><span class='ocrx_word' id='word_1_468' title='bbox 369 4460 619 4523; x_wconf 78' lang='lat' dir='ltr'><strong>submooittesteus]</strong></span> <span class='ocrx_word' id='word_1_469' title='bbox 653 4460 700 4508; x_wconf 87' lang='lat' dir='ltr'><strong>We</strong></span> <span class='ocrx_word' id='word_1_470' title='bbox 711 4460 771 4508; x_wconf 73' lang='lat' dir='ltr'><strong>hsce</strong></span> <span class='ocrx_word' id='word_1_471' title='bbox 787 4461 861 4509; x_wconf 72' lang='lat' dir='ltr'><strong>taken</strong></span> <span class='ocrx_word' id='word_1_472' title='bbox 876 4461 926 4509; x_wconf 86' lang='lat' dir='ltr'><strong>this</strong></span> <span class='ocrx_word' id='word_1_473' title='bbox 959 4462 1036 4519; x_wconf 80' lang='lat' dir='ltr'><strong>mede,</strong></span> <span class='ocrx_word' id='word_1_474' title='bbox 1054 4462 1103 4509; x_wconf 85' lang='lat' dir='ltr'><strong>sud</strong></span> <span class='ocrx_word' id='word_1_475' title='bbox 1124 4466 1168 4509; x_wconf 90' lang='lat' dir='ltr'><strong>not</strong></span> <span class='ocrx_word' id='word_1_476' title='bbox 1184 4462 1255 4509; x_wconf 84' lang='lat' dir='ltr'><strong>when</strong></span> <span class='ocrx_word' id='word_1_477' title='bbox 1272 4462 1314 4509; x_wconf 90' lang='lat' dir='ltr'><strong>the</strong></span> <span class='ocrx_word' id='word_1_478' title='bbox 1331 4463 1384 4509; x_wconf 81' lang='lat' dir='ltr'><strong>first</strong></span> <span class='ocrx_word' id='word_1_479' title='bbox 1403 4476 1451 4509; x_wconf 81' lang='lat' dir='ltr'><strong>was</strong></span> <span class='ocrx_word' id='word_1_480' title='bbox 1469 4466 1496 4508; x_wconf 87' lang='lat' dir='ltr'><strong>to</strong></span> <span class='ocrx_word' id='word_1_481' title='bbox 1515 4461 1547 4509; x_wconf 87' lang='lat' dir='ltr'><strong>he</strong></span> 
     </span>
     <span class='ocr_line' id='line_1_48' title="bbox 337 4525 1546 4587; baseline 0.001 -15"><span class='ocrx_word' id='word_1_482' title='bbox 337 4525 403 4573; x_wconf 74' lang='lat' dir='ltr'><strong>word</strong></span> <span class='ocrx_word' id='word_1_483' title='bbox 422 4525 470 4573; x_wconf 85' lang='lat' dir='ltr'><strong>sud</strong></span> <span class='ocrx_word' id='word_1_484' title='bbox 486 4525 536 4573; x_wconf 87' lang='lat' dir='ltr'><strong>this</strong></span> <span class='ocrx_word' id='word_1_485' title='bbox 553 4540 597 4573; x_wconf 89' lang='lat' dir='ltr'><strong>use</strong></span> <span class='ocrx_word' id='word_1_486' title='bbox 613 4525 643 4574; x_wconf 79' lang='lat' dir='ltr'><strong>ol</strong></span> <span class='ocrx_word' id='word_1_487' title='bbox 657 4526 678 4573; x_wconf 90' lang='lat' dir='ltr'><strong>it</strong></span> <span class='ocrx_word' id='word_1_488' title='bbox 694 4525 756 4573; x_wconf 77' lang='lat' dir='ltr'><strong>hom</strong></span> <span class='ocrx_word' id='word_1_489' title='bbox 778 4525 821 4574; x_wconf 82' lang='lat' dir='ltr'><strong>the</strong></span> <span class='ocrx_word' id='word_1_490' title='bbox 842 4527 924 4575; x_wconf 64' lang='lat' dir='ltr'><strong>latin.</strong></span> <span class='ocrx_word' id='word_1_491' title='bbox 958 4526 1045 4574; x_wconf 85' lang='lat' dir='ltr'><strong>rusde?</strong></span> <span class='ocrx_word' id='word_1_492' title='bbox 1063 4526 1317 4587; x_wconf 78' lang='lat' dir='ltr'><strong>Forhehsdshesdy</strong></span> <span class='ocrx_word' id='word_1_493' title='bbox 1330 4526 1386 4587; x_wconf 87' lang='lat' dir='ltr'><strong>psid</strong></span> <span class='ocrx_word' id='word_1_494' title='bbox 1398 4526 1455 4574; x_wconf 85' lang='lat' dir='ltr'><strong>H·S</strong></span> <span class='ocrx_word' id='word_1_495' title='bbox 1467 4525 1546 4574; x_wconf 71' lang='lat'>1000!</span> 
     </span>
     <span class='ocr_line' id='line_1_49' title="bbox 338 4590 1547 4666; baseline 0 -27"><span class='ocrx_word' id='word_1_496' title='bbox 338 4590 431 4639; x_wconf 86' lang='lat' dir='ltr'><strong>ludeed</strong></span> <span class='ocrx_word' id='word_1_497' title='bbox 449 4590 482 4638; x_wconf 77' lang='lat' dir='ltr'><strong>all</strong></span> <span class='ocrx_word' id='word_1_498' title='bbox 498 4590 540 4639; x_wconf 84' lang='lat' dir='ltr'><strong>the</strong></span> <span class='ocrx_word' id='word_1_499' title='bbox 556 4590 685 4640; x_wconf 75' lang='lat' dir='ltr'><strong>cultivated</strong></span> <span class='ocrx_word' id='word_1_500' title='bbox 701 4595 756 4655; x_wconf 72' lang='lat' dir='ltr'><strong>pert</strong></span> <span class='ocrx_word' id='word_1_501' title='bbox 766 4591 794 4641; x_wconf 81' lang='lat' dir='ltr'><strong>ot</strong></span> <span class='ocrx_word' id='word_1_502' title='bbox 809 4605 855 4641; x_wconf 84' lang='lat' dir='ltr'><strong>our</strong></span> <span class='ocrx_word' id='word_1_503' title='bbox 870 4592 922 4643; x_wconf 82' lang='lat' dir='ltr'><strong>lsu·</strong></span> <span class='ocrx_word' id='word_1_504' title='bbox 957 4590 1073 4643; x_wconf 64' lang='lat' dir='ltr'><strong>Cicereii</strong></span> <span class='ocrx_word' id='word_1_505' title='bbox 1087 4590 1202 4666; x_wconf 69' lang='lat' dir='ltr'><strong>speaking</strong></span> <span class='ocrx_word' id='word_1_506' title='bbox 1211 4590 1242 4651; x_wconf 69' lang='lat' dir='ltr'><strong>‚ol</strong></span> <span class='ocrx_word' id='word_1_507' title='bbox 1249 4606 1264 4641; x_wconf 88' lang='grc' dir='ltr'><strong>ιι</strong></span> <span class='ocrx_word' id='word_1_508' title='bbox 1274 4591 1324 4639; x_wconf 84' lang='lat' dir='ltr'><strong>resl</strong></span> <span class='ocrx_word' id='word_1_509' title='bbox 1337 4596 1460 4653; x_wconf 81' lang='lat' dir='ltr'><strong>psymeut,</strong></span> <span class='ocrx_word' id='word_1_510' title='bbox 1471 4605 1499 4640; x_wconf 90' lang='lat' dir='ltr'><strong>or</strong></span> <span class='ocrx_word' id='word_1_511' title='bbox 1514 4590 1547 4639; x_wconf 86' lang='lat' dir='ltr'><strong>he</strong></span> 
     </span>
    </p>
   </div>
   <div class='ocr_carea' id='block_1_4' title="bbox 0 0 1773 5325">
    <p class='ocr_par' dir='ltr' id='par_1_5' title="bbox 0 0 1773 5325">
     <span class='ocr_line' id='line_1_50' title="bbox 0 0 1773 5325; baseline 0 0"><span class='ocrx_word' id='word_1_512' title='bbox 0 0 1773 5325; x_wconf 95' lang='lat' dir='ltr'><strong> </strong></span> 
     </span>
    </p>
   </div>
  </div>
 </body>
</html>
