3517 5325
298 463 362 530 302
611 461 747 530 ORAT.
771 461 863 528 PRO
888 460 931 528 A.
955 458 1193 530 OLUENTIO

300 635 349 702 M.
365 643 400 702 et
415 635 602 702 Numerium
612 633 740 712 Aurios,
755 642 790 700 et
806 633 864 700 On.
876 633 1023 720 Magium
1035 640 1071 699 et
1085 632 1182 700 filiam
1198 633 1351 720 Magiam,
1368 641 1509 722 nuptam·

300 733 488 819 Oppianico.
534 732 583 796 M.
599 733 720 798 Aurius
745 733 1008 810 adolescentulus,
1030 733 1111 796 bello
1138 732 1252 797 Italico
1277 741 1392 818 captus
1414 734 1502 819 apud

299 830 463 904 Asculum,
483 830 516 892 in
538 828 577 908 Q.
595 828 699 914 Sergii
716 829 886 904 senatoris,
908 829 979 912 ejus
1001 829 1055 913 qui
1077 829 1161 892 inter
1175 829 1308 894 sicarios
1330 831 1505 895 damnatus

299 935 358 1006 est,
390 948 503 990 manus
528 925 651 1002 incidit,
679 934 716 991 et
744 926 829 1011 apud
858 947 931 990 eum
959 925 1022 990 fuit
1051 925 1083 990 in
1109 927 1280 1011 ergastulo.
1329 927 1504 991 Numerius

298 1035 404 1090 autem
424 1024 552 1100 Aurius
574 1025 673 1088 frater
697 1024 776 1107 ejus,
800 1031 944 1088 mortuus
958 1031 1019 1101 est,
1044 1024 1253 1109 heredemque
1270 1025 1328 1089 On.
1353 1025 1503 1110 Magium

297 1123 429 1188 fratrem
463 1121 600 1206 reliquit.
658 1121 777 1186 Postea
814 1119 925 1205 Magia
954 1142 1035 1184 uxor
1070 1121 1238 1206 Oppianici
1268 1132 1397 1186 mortua
1426 1130 1499 1196 est;

298 1227 460 1306 postremo
475 1240 556 1282 unus
570 1218 624 1303 qui
639 1218 778 1302 reliquus
792 1225 862 1282 erat
878 1217 1020 1281 Dinaeae
1035 1217 1119 1281 iilius
1134 1219 1192 1283 On.
1209 1219 1341 1304 Magius
1355 1228 1408 1284 eat
1419 1241 1501 1284 mor-

298 1327 384 1384 tuus.
439 1316 474 1380 Is
499 1317 646 1383 heredem
669 1316 747 1380 fecit
776 1315 863 1379 illum
884 1314 1119 1380 adolescentem
1137 1316 1357 1401 Oppianicum,
1382 1320 1502 1381 sororis

298 1437 375 1480 auae
404 1415 512 1490 filium,
534 1433 669 1499 ¹eumque
692 1413 803 1498 partiri
827 1435 900 1476 cum
925 1412 1049 1476 Dinaea
1077 1426 1180 1477 matre
1203 1414 1312 1498 jussit.
1367 1413 1503 1478 interim

298 1513 387 1578 venit
403 1512 497 1577 index
511 1512 553 1575 ad
574 1510 740 1587 Dinaeam,
756 1531 859 1594 neque
878 1509 1033 1574 obscurus
1053 1531 1156 1596 neque
1177 1511 1330 1585 incertus,
1345 1512 1400 1597 qui
1421 1534 1501 1575 nun-

298 1609 397 1674 tiaret
420 1609 449 1672 ei
472 1609 572 1672 lilium
594 1610 664 1692 ejus
687 1607 735 1696 M.
753 1607 891 1672 Aurium
910 1606 1013 1671 uivere
1033 1609 1120 1672 etin
1132 1631 1213 1694 agro
1233 1609 1355 1672 Gallico
1375 1631 1446 1674 csse
1466 1609 1501 1673 in

299 1708 462 1774 servitute.
508 1707 627 1772 Mulier
641 1706 766 1772 amissis
780 1706 888 1770 liberis
902 1728 999 1791 quum
1015 1708 1109 1773 unius
1128 1707 1334 1792 recuperandi
1356 1707 1411 1771 filii
1425 1731 1502 1793 apes

299 1813 386 1872 esset
415 1811 586 1881 ostentata,
614 1826 725 1868 omnes
752 1827 829 1868 suos
858 1805 1055 1890 propinquos
1077 1805 1196 1891 filiique
1225 1805 1274 1868 sui
1303 1806 1501 1870 necessarios

299 1903 494 1980 convocavit,
513 1909 550 1968 et
569 1903 611 1966 ab
633 1901 671 1965 iis
686 1901 765 1966 flens
780 1902 896 1988 petivit
915 1911 952 1967 ut
969 1903 1133 1988 negotium
1150 1902 1358 1987 susciperent,
1379 1903 1500 1967 adoles-

300 2006 426 2064 centem
454 1999 693 2083 investigarent,
724 1999 784 2062 sibi
814 2001 1022 2064 restituerent
1045 2021 1117 2064 eum
1142 1999 1240 2062 lilium
1264 2021 1358 2084 quem
1391 2007 1500 2064 tamen

299 2119 395 2162 unum
408 2119 450 2160 ex
465 2096 572 2160 multis
587 2096 715 2160 fortuna
729 2097 884 2182 reliquum
897 2119 968 2161 esse
982 2097 1142 2162 voluisset
1187 2095 1279 2160 Haec
1293 2119 1391 2184 quum
1404 2119 1502 2182 agere

299 2194 500 2270 instituisset,
518 2216 669 2279 oppressa
692 2195 804 2258 morbo
821 2201 882 2259 est.
929 2194 1043 2278 Itaque
1066 2201 1296 2259 testamentum
1320 2195 1398 2260 fecit
1416 2196 1500 2280 ejus-

299 2291 384 2354 modi
408 2300 445 2354 nt
468 2291 511 2354 illi
529 2291 594 2354 filio
615 2290 687 2355 H-s
708 2291 942 2376 quadringenta
962 2291 1061 2357 millia
1081 2292 1212 2378 legaret,
1240 2292 1389 2356 heredem
1410 2293 1501 2357 insti·

299 2396 405 2453 tueret
420 2390 554 2452 eundem
577 2389 663 2452 illum
681 2388 898 2474 Oppianicum,
913 2397 1062 2474 nepotem
1076 2411 1188 2463 suum;
1212 2399 1311 2474 atque
1325 2391 1503 2456 hisdiebus

300 2487 408 2572 paucis
437 2494 487 2552 est
516 2494 651 2552 mortua.
713 2485 889 2571 Propinqui
918 2493 1027 2550 tamen
1056 2486 1110 2563 illi,
1140 2489 1406 2571 quemadmodum
1431 2489 1502 2556 viva

301 2583 424 2648 Dinaea
435 2583 650 2662 instituerant,
664 2584 711 2648 ita
726 2591 852 2648 mortua
864 2583 917 2646 illa
926 2585 968 2647 ad
980 2583 1202 2669 vestigandum
1213 2585 1262 2649 M.
1279 2587 1417 2650 Aurium
1427 2608 1501 2650 cum

300 2683 411 2747 eodem
427 2682 480 2746 illo
495 2682 597 2746 indice
613 2682 645 2745 in
660 2704 773 2768 agrum
785 2682 943 2746 Gallicum
957 2681 1093 2766 proiecti
1107 2691 1193 2748 sunt
1241 2682 1343 2749 Vlll.
1367 2684 1500 2750 Interim

301 2778 502 2866 Oppianicus,
527 2787 565 2847 ut
594 2788 673 2859 mat,
696 2780 793 2844 sicuti
817 2780 928 2843 multis
957 2800 998 2843 ex
1027 2782 1123 2845 rebus
1145 2781 1320 2865 reperietis,
1347 2782 1503 2868 singulari

301 2877 419 2941 scelere
454 2886 488 2941 ct
521 2879 663 2957 audacia,
695 2900 752 2962 per
780 2878 938 2963 quendam
967 2876 1166 2941 Gallicanum
1194 2879 1378 2943 familiarem
1406 2901 1501 2943 suum

300 2974 436 3061 primum
450 2973 537 3039 illum
552 2976 687 3039 indicem
703 2975 838 3059 pecunia
851 2975 1016 3062 corrupit3
1038 2975 1153 3039 deinde
1168 2976 1271 3061 ipsum
1285 2977 1420 3041 Aurium
1435 2998 1501 3041 non

301 3172 348 3233 day
366 3172 426 3221 time
441 3172 500 3219 with
517 3170 580 3219 their
597 3170 682 3219 letters
700 3183 741 3225 on,
759 3169 808 3217 and
824 3184 886 3217 were
918 3170 942 3218 Δ
959 3176 1057 3233 request
1074 3172 1095 3219 is
1113 3172 1232 3219 sufficient
1247 3176 1274 3220 to
1299 3173 1354 3235 gira
1375 3188 1392 3221 s
1409 3174 1500 3235 legacy.

300 3236 386 3298 lodged
395 3238 419 3283 in
431 3237 473 3283 the
485 3235 612 3296 Ergaatula
622 3239 648 3280 at
659 3232 737 3293 night.
771 3232 848 3296 Many
859 3235 888 3280 ol
918 3234 997 3282 There
1007 3237 1295 3284 werevariousformsin
1305 3238 1501 3300 whichalegacy

300 3301 343 3347 the
354 3301 430 3347 slaves
440 3298 567 3361 employed
583 3298 609 3344 in
624 3298 776 3359 agricultural
792 3298 886 3355 labem,
918 3314 967 3346 was
977 3300 1048 3361 given
1059 3301 1146 3363 (Gaius
1156 3301 1181 3348 ii.
1195 3300 1262 3364 192).

301 3364 378 3411 inthe
389 3364 503 3425 quernas,
514 3364 539 3409 in
557 3362 642 3420 mines,
650 3363 675 3409 in
687 3362 793 3424 drawing
804 3369 886 3421 water,
951 3365 1017 3411 Ha
1026 3365 1205 3425 quadringenta
1221 3365 1312 3427 millia]
1346 3365 1441 3414 Thisis
1457 3365 1501 3413 the

301 3428 349 3475 and
363 3428 432 3474 other
452 3426 510 3473 hard
521 3426 595 3481 work.
607 3441 670 3473 wore
685 3426 775 3483 letters,
787 3434 813 3474 to
829 3443 884 3489 pra-
917 3429 1016 3489 reading
1024 3429 1053 3475 ol¹
1062 3430 1098 3486 P..
1106 3429 1183 3476 which
1192 3428 1290 3477 Classen
1301 3433 1344 3477 has
1354 3430 1499 3486 talemand,

301 3498 359 3539 vent
370 3490 436 3538 them
454 3492 559 3551 running
569 3504 644 3551 away.
655 3505 681 3537 aa
700 3504 736 3537 wa
756 3506 810 3553 may
827 3506 885 3553 sup·
916 3508 943 3539 aa
961 3492 992 3539 ha
1009 3508 1071 3554 says,
1089 3494 1132 3540 the
1150 3508 1205 3541 aum
1223 3508 1300 3541 seems
1319 3494 1414 3556 enough
1432 3494 1470 3541 ior
1484 3509 1501 3541 a

302 3570 369 3617 pose,
380 3569 408 3602 or
418 3554 493 3615 rising
504 3556 597 3615 against
614 3556 677 3603 their
694 3562 803 3603 masters.
837 3556 885 3603 Re·
917 3572 1011 3605 woman
1028 3558 1053 3603 in
1069 3573 1101 3605 an
1112 3558 1217 3619 Apuliae
1228 3564 1293 3605 town
1304 3566 1330 3606 to
1341 3560 1414 3606 leave.
1446 3558 1500 3605 The

302 3620 405 3681 hactory
424 3619 500 3667 shres
518 3620 568 3667 also
588 3634 648 3667 were
666 3627 719 3667 sent
738 3625 763 3667 to
781 3621 822 3668 the
840 3620 885 3667 ltr-
918 3622 1016 3683 reading
1027 3622 1103 3668 inthe
1114 3637 1225 3670 common
1237 3623 1346 3680 editiom,
1359 3628 1499 3670 ‘ccccraao

302 3685 431 3747 gastulum.
478 3684 611 3731 'travellers
637 3684 685 3732 and
716 3684 798 3732 others
823 3698 886 3733 wera
917 3686 1037 3743 millia'is
1047 3687 1184 3733 ridiculosa.
1218 3686 1502 3735 Classenohserrasthat

303 3750 440 3797 sometimes
450 3748 587 3811 kidnapped
598 3748 646 3799 and
658 3750 715 3797 shut
732 3764 765 3812 up
781 3750 806 3796 in
817 3749 886 3797 these
919 3751 1102 3805 ccccuuu.the
1109 3751 1207 3812 reading
1213 3751 1243 3798 of
1248 3766 1319 3814 many
1328 3752 1411 3810 MSS..
1418 3766 1501 3799 meana

303 3813 408 3863 horrible
419 3814 507 3876 places.
540 3814 636 3875 Appian
649 3812 691 3876 (B.
703 3814 731 3861 C.
743 3814 774 3860 iv.
786 3813 829 3877 30)
842 3814 886 3860 has
918 3814 1392 3870 thesameasccccroooo,iorc1.rwas
1403 3816 1500 3877 equiva-

302 3894 318 3926 a
338 3880 432 3941 pitacus
450 3884 515 3939 story
535 3879 561 3925 ol
575 3894 590 3925 ι
609 3878 744 3941 proscribed
764 3877 819 3939 bey,
831 3879 886 3925 who
918 3878 970 3925 lent
987 3887 1013 3925 to
1028 3893 1086 3934 ⁰1⁰3
1103 3879 1151 3926 and
1168 3879 1217 3925 this
1233 3888 1334 3927 amount
1351 3896 1401 3927 was
1418 3880 1500 3927 mnln‘·

302 3942 351 3991 had
372 3942 434 3990 been
451 3942 556 4003 brought
578 3958 611 4005 up
628 3943 760 4003 delicately,
777 3943 826 3989 aud
845 3942 888 3989 seu
919 3943 982 4004 plied
999 3949 1040 3991 ten
1057 3944 1128 3991 times
1147 3943 1178 4005 by
1189 3944 1285 4005 placing
1303 3958 1318 3993 c
1336 3960 1369 3993 on
1382 3959 1430 3993 one
1448 3944 1501 3993 side

302 4008 354 4055 into
365 4008 406 4054 the
417 4006 493 4055 hands
505 4006 533 4054 oi
541 4022 587 4053 one
598 4008 626 4054 os
634 4008 701 4055 these
711 4007 775 4053 cruel
785 4014 886 4067 tyranta,
919 4006 967 4053 and
979 4021 988 4053 1
1000 4023 1032 4053 on
1043 4008 1085 4055 the
1095 4007 1171 4054 other.

303 4072 357 4119 who
369 4079 413 4133 put
425 4072 473 4117 him
489 4072 515 4118 in
533 4086 563 4118 an
576 4070 729 4131 Ergaatulum
749 4070 801 4133 (lai
820 4070 885 4133 ἔργῳ
950 4072 1062 4118 heredem
1079 4070 1232 4133 tristitaeret]
1267 4072 1378 4120 SeeVol.
1390 4071 1411 4120 1.
1429 4072 1500 4119 Varr.

233 4186 237 4197 ,
304 4134 423 4183 καταδιῖν
435 4133 595 4193 εἰθισμένου).
620 4134 750 4197 Lipsiusaa
761 4134 830 4181 usual
842 4135 885 4181 has
916 4134 943 4182 li.
956 4136 978 4181 l.
990 4136 1101 4184 c.4l.—‘
1110 4136 1148 4183 his
1160 4135 1269 4183 diahuaz'
1282 4137 1397 4184 Garatoni
1409 4137 1500 4185 altered

303 4200 417 4247 collected
432 4198 464 4247 all
484 4200 525 4247 the
543 4198 652 4261 learning
667 4198 742 4246 about
761 4198 889 4257 Ergaatula
920 4198 1005 4246 thieto
1026 4199 1086 4256 ‘iis‚'
1102 4200 1128 4246 in
1139 4200 1217 4247 which
1234 4200 1316 4247 Baiter
1330 4202 1374 4248 has
1392 4201 1502 4249 followed

305 4262 393 4327 (Elem.
405 4264 429 4311 it
441 4279 462 4311 c.
477 4266 514 4312 lt.
531 4262 586 4311 Vol.
596 4264 616 4311 1.
627 4264 675 4325 Op.
687 4264 724 4310 ed.
740 4262 821 4323 1675).
920 4262 978 4310 him.
1001 4264 1246 4325 Bat‘his’isright
1270 4265 1502 4313 Shadiedwithina

331 4327 440 4391 partiri]
476 4328 624 4389 Oppianicus
642 4342 689 4375 was
713 4325 814 4380 ‘heres'
836 4324 885 4373 and
916 4326 962 4374 few
970 4328 1325 4391 daysastermnkingherwill.
1352 4329 1399 4377 See
1412 4328 1468 4377 Vol.
1478 4329 1501 4377 1.

303 4392 361 4439 toolr
372 4390 415 4439 the
433 4390 583 4447 ‘hereditas’
604 4392 648 4439 but
659 4392 690 4438 ha
701 4406 747 4437 was
758 4390 885 4453 requested
919 4390 1004 4447 ludar,
1030 4392 1147 4449 ‘Diebus
1176 4393 1472 4456 illis.'-‘vestigsndum
1483 4393 1499 4440 ι’

257 4460 265 4475 ·
304 4456 411 4501 toahare
421 4455 464 4503 the
478 4460 591 4519 property
602 4455 660 4503 with
671 4456 771 4511 Dinaea,
780 4454 885 4503 whoac-
917 4454 959 4502 tha
969 4456 1068 4518 reading
1077 4456 1106 4503 oi
1114 4458 1140 4504 S.
1149 4456 1178 4505 T.
1211 4458 1388 4507 Thscommon
1403 4458 1503 4519 reading

303 4518 427 4581 cordiugly
439 4520 517 4569 would
528 4519 584 4569 take
600 4518 712 4593 one-hall
727 4533 754 4567 as
768 4519 884 4581 alegacy.
916 4520 938 4569 is
949 4519 1175 4583 ‘investigandum’
