3517 5325
618 465 797 532 uncino
821 419 1084 535 carseo-52.
1384 478 1446 540 an

249 636 429 722 praeditum
455 637 645 716 lacessisset,
668 645 735 704 tres
753 638 821 724 ipse
845 639 997 705 excitavit
1018 641 1205 709 recitatores
1224 664 1296 706 cum
1316 642 1449 729 singulis

248 735 370 811 libellis,
402 757 482 820 quos
513 735 561 800 M.
590 735 720 814 Brutus,
745 745 836 822 pater
861 736 944 800 illius
966 739 1173 817 accusatoris,
1203 741 1338 825 dejure
1367 743 1449 806 civili

249 833 385 918 reliquit.
432 832 552 898 Eorum
575 834 667 899 initia
689 857 785 920 quum
799 835 1020 913 recitarentur,
1035 859 1167 922 eaquae
1182 839 1272 904 vobis
1286 847 1363 904 nota
1377 861 1449 906 esse

248 931 407 995 arbitror:
433 951 544 994 sorra
565 953 708 1007 suanir,
725 954 769 996 ur
793 955 874 996 num
900 955 939 996 ru
958 955 1172 998 rarvnnusrr
1198 957 1357 1014 essenus,
1382 959 1449 1000 noo

250 1049 294 1092 nr
323 1049 451 1092 saurus
477 1049 598 1107 rimus,
626 1030 756 1094 fundum
781 1030 1000 1096 Privernatem
1025 1032 1211 1118 flagitabat:
1248 1055 1286 1097 ru
1310 1055 1449 1097 ausano

250 1147 391 1188 ussurus
417 1147 483 1190 nco
508 1149 552 1190 nr
574 1148 702 1190 saurus
719 1149 841 1207 mmm,
860 1128 1020 1193 Albanum
1034 1131 1208 1215 poscebat:
1233 1151 1270 1194 ru
1296 1152 1448 1194 ursuars

252 1245 363 1287 roura
395 1246 489 1292 conss
520 1245 768 1288 asssnrsssnus
799 1249 866 1290 noo
896 1249 941 1290 nr
969 1249 1097 1290 saurus
1128 1249 1251 1304 rurus,
1282 1228 1449 1294 Tiburtem

249 1322 381 1385 fundum
396 1322 595 1406 requirebat:
621 1321 758 1387 Brutum
772 1331 890 1403 autem,
907 1325 1065 1388 bominem
1089 1325 1274 1410 sapientem,
1292 1327 1375 1411 quod
1393 1327 1449 1390 filii

250 1419 424 1505 nequitiam
439 1421 570 1498 videret,
588 1442 669 1504 quae
694 1421 823 1505 praedia
849 1423 877 1486 ei
900 1423 1101 1508 relinqueret,
1123 1423 1290 1487 testificari
1313 1424 1450 1489 voluisse

251 1517 398 1592 dicebat;
424 1518 508 1604 quod
531 1518 557 1580 si
580 1517 737 1603 potuisset
757 1520 891 1584 honeste
912 1521 1060 1597 scribere,
1077 1542 1112 1584 se
1133 1521 1166 1583 in
1188 1520 1308 1584 balneis
1323 1543 1395 1584 cum
1416 1521 1450 1586 id

250 1616 368 1680 aetatis
382 1615 447 1678 filio
462 1615 567 1694 luisse,
583 1638 646 1678 non
669 1618 874 1701 praeterisset
887 1643 896 1690 ;
920 1639 976 1682 eas
989 1627 1098 1682 tamen
1119 1618 1161 1682 ab
1183 1641 1220 1682 eo
1242 1619 1372 1684 balneas
1386 1641 1450 1682 non

251 1737 291 1778 ex
306 1714 394 1778 libris
409 1714 518 1798 patris,
533 1715 589 1777 sed
607 1736 647 1777 ex
669 1715 786 1778 tabulis
807 1721 842 1780 et
857 1738 897 1779 ex
912 1738 1008 1780 censu
1024 1738 1186 1801 quaerere.
1232 1716 1367 1782 Crassus
1379 1725 1450 1782 tum

250 1812 297 1876 ita
313 1811 449 1876 Brutum
464 1812 550 1876 ultus
565 1819 667 1876 estut
691 1811 777 1875 illum
791 1813 989 1878 recitationis
997 1836 1074 1878 suae
1085 1813 1274 1898 poeniteret.
1310 1815 1450 1878 Moleste

251 1910 336 1974 enirn
351 1909 486 1974 sortasse
500 1909 619 1974 tulerat
634 1933 668 1974 sc
684 1910 716 1973 in
732 1909 769 1974 iis
792 1911 987 1974 orationihus
1001 1912 1236 1996 reprehensum,
1260 1933 1339 1997 quaa
1361 1912 1449 1976 dere

251 2008 375 2092 publica
397 2007 570 2086 habuisset,
587 2007 619 2070 in
643 2008 759 2093 quibus
773 2008 908 2072 forsitan
931 2009 1033 2094 magis
1055 2009 1236 2094 requiratur
1258 2010 1448 2074 constantia.

252 2105 324 2191 Ego
338 2113 445 2170 autem
460 2105 514 2168 illa
525 2106 661 2170 recitata
675 2127 746 2170 esse
761 2128 824 2170 non
839 2107 972 2171 moleste
986 2107 1064 2171 fero.
1109 2106 1220 2192 Neque
1243 2107 1326 2170 enim
1340 2108 1450 2172 abillo

251 2211 393 2289 tempore
416 2203 501 2288 quod
523 2211 591 2267 tum
617 2211 814 2288 eretusque
836 2205 877 2268 ab
900 2227 939 2268 ea
960 2227 1074 2269 caussa
1095 2227 1177 2289 quae
1199 2211 1267 2268 tum
1282 2205 1447 2289 agebatur,

250 2302 351 2365 aliena
365 2303 511 2376 luerunt;
537 2323 638 2386 neque
652 2301 727 2364 mihi
744 2302 915 2386 quidquam
930 2302 1036 2366 oneris
1050 2301 1175 2385 suscepi
1187 2323 1283 2385 quum
1293 2301 1357 2366 ista
1371 2302 1447 2376 dixi,

250 2421 313 2485 quo
328 2402 431 2464 minus
446 2401 577 2464 honeste
592 2401 674 2463 hanc
688 2421 833 2463 caussam
850 2407 885 2463 et
899 2399 997 2462 libere
1011 2421 1136 2484 possem
1152 2399 1331 2462 defendere.
1357 2399 1450 2478 Quod

250 2498 276 2561 si
300 2499 393 2561 velim
413 2497 556 2562 confiteri
579 2519 630 2560 me
655 2517 799 2560 caussam
824 2495 866 2560 Α.
895 2494 1032 2559 Cluentii
1059 2517 1142 2560 nunc
1168 2518 1332 2580 cognosse,
1354 2503 1451 2560 antea

249 2595 345 2660 fuisse
374 2595 407 2658 in
442 2595 495 2658 illa
515 2595 658 2680 populari
683 2594 837 2679 opinione,
855 2593 927 2679 quis
949 2593 1077 2657 tandem
1101 2593 1133 2656 id
1156 2593 1259 2679 possit
1283 2594 1450 2678 reprehen-

250 2694 347 2756 deret
369 2692 565 2777 praesertim,
582 2692 714 2777 judices,
731 2714 827 2777 quum
841 2714 861 2755 a
875 2692 965 2755 vobis
979 2713 1103 2777 quoque
1118 2691 1195 2776 ipsis
1210 2692 1271 2755 hoc
1287 2692 1449 2777 impetrari

249 2792 293 2855 sit
306 2790 539 2875 aequissimum,
556 2790 640 2875 quod
660 2812 719 2876 ego
743 2802 777 2854 et
801 2790 842 2853 ab
865 2788 956 2852 initio
980 2788 1088 2873 petivi,
1104 2796 1137 2852 et
1152 2810 1236 2853 nunc
1258 2798 1343 2873 peto,
1360 2788 1450 2866 ut,si

250 2910 345 2973 quam
376 2887 436 2951 huc
468 2886 644 2972 graviorem
673 2888 713 2951 de
742 2887 794 2951 illo
820 2885 943 2975 judicio
968 2885 1148 2971 opinionem
1170 2886 1336 2963 attulistis,
1368 2887 1450 2951 hanc

250 3008 362 3050 caussa
375 2992 543 3071 perspecta
556 2992 652 3070 atque
668 2984 752 3049 omni
767 2984 903 3048 veritate
918 2983 1048 3069 cognita
1062 2983 1237 3068 deponatis.

296 3084 371 3148 Lll.
396 3083 488 3146 Nunc
504 3081 650 3168 quoniam
670 3084 711 3147 ad
734 3082 840 3147 omnia
863 3103 943 3167 quae
962 3083 1020 3145 abs
1043 3089 1076 3144 te
1097 3081 1184 3144 dicta
1205 3088 1290 3160 sunt,
1308 3080 1346 3147 Τ.
1364 3082 1447 3161 Atti,

250 3180 289 3247 de
298 3181 463 3269 Oppianici
473 3181 674 3245 damnatione
683 3180 840 3267 respondi,
851 3179 1016 3243 confiteari
1027 3201 1156 3244 necesse
1167 3186 1218 3245 est
1226 3188 1260 3245 te
1272 3180 1450 3266 opinionem

281 3396 463 3458 Privernatem]
491 3396 531 3443 Ha
551 3394 624 3443 ashed
643 3392 734 3441 Brutus
753 3392 832 3439 where
863 3390 892 3438 of
907 3389 1007 3447 Brutus,
1028 3390 1054 3437 ln
1074 3388 1153 3437 which
1171 3389 1210 3437 bis
1228 3390 1386 3453 expenditure
1402 3390 1451 3439 aad

248 3461 268 3509 lt
279 3477 333 3509 was.
366 3462 413 3509 We
430 3466 495 3509 must
505 3474 607 3523 suppose
618 3460 671 3506 that
683 3458 772 3506 Brutus
785 3456 832 3505 bad
863 3456 965 3517 receipts
976 3470 1037 3502 ware
1047 3454 1152 3503 entered.

249 3526 300 3573 sold
311 3526 348 3573 bis
359 3526 467 3588 paternal
481 3532 575 3573 estates.
608 3522 667 3571 This
684 3522 774 3570 Brutus
790 3522 832 3569 the
898 3521 945 3567 tue
954 3518 1104 3581 yrcaimem]
1126 3518 1212 3576 '‘huic,
1228 3518 1303 3575 S.'1'.,
1315 3520 1357 3568 scd
1373 3520 1399 3568 S.
1410 3518 1450 3568 lit·

248 3590 327 3638 rather
348 3590 392 3637 lea
414 3605 485 3637 seven
513 3588 616 3637 ‘libelli'
638 3602 669 3635 on
686 3588 732 3635 Jus
749 3586 832 3641 Civile,
865 3590 918 3632 tera
944 3586 953 3631 s'
980 3583 1126 3646 expuncta,”
1154 3584 1242 3632 Baiter.
1276 3584 1375 3633 Classen
1407 3585 1451 3632 has

248 3653 373 3715 according
383 3660 409 3701 to
421 3654 567 3715 Pomponius
576 3653 643 3714 (Dig.
655 3652 671 3698 i.
683 3656 707 3700 2.
718 3654 742 3698 2.
756 3655 768 3709 l
781 3652 832 3711 39).
867 3650 938 3696 ‘buic
959 3648 1106 3710 graviorem‚'
1128 3649 1175 3695 and
1194 3654 1283 3697 munst
1303 3649 1450 3696 understand

249 3718 333 3766 Cicero
343 3718 392 3777 (De
404 3718 447 3765 Or.
464 3718 488 3764 ii.
501 3720 543 3777 bb)
555 3718 640 3777 speaks
651 3718 719 3777 again
731 3715 759 3761 of
767 3714 834 3761 three
868 3712 947 3760 ‘buc'
964 3714 1022 3760 with
1036 3713 1145 3774 ‘gravior
1161 3713 1265 3774 opinior’
1282 3713 1313 3760 he
1327 3728 1381 3774 says
1397 3713 1451 3761 that

249 3782 325 3829 books
342 3781 370 3827 ol
388 3782 478 3829 Brutus
496 3781 538 3828 the
557 3780 648 3836 lathem
666 3782 712 3825 and
730 3778 762 3827 ha
780 3778 835 3825 tells
868 3776 989 3825 ‘huie'is
1005 3778 1125 3825 Cluentio.
1159 3776 1209 3823 But
1230 3777 1311 3824 Baiter
1327 3792 1450 3838 compares

249 3848 291 3893 the
303 3860 367 3893 nme
378 3850 442 3906 story
454 3846 507 3891 that
518 3844 598 3890 hehss
608 3842 659 3891 told
670 3844 735 3889 bare.
867 3842 996 3903 “primum
1012 3842 1046 3896 id,
1057 3841 1121 3903 quod
1139 3841 1308 3901 aequissimum
1325 3847 1369 3895 cst,
1380 3846 1409 3887 ut
1420 3856 1451 3889 ue

281 3925 307 3958 aa
325 3912 351 3956 ia
371 3910 474 3967 balneis]
505 3908 544 3954 lle
555 3908 624 3955 could
639 3914 682 3954 not
697 3908 757 3954 bave
774 3904 832 3961 said,
866 3905 923 3969 qnid
931 3905 978 3952 huc
985 3905 1138 4030 praejudicati
1147 3904 1274 3951 afferatis”
1292 3902 1351 3965 (Pro
1360 3904 1449 3952 Cluen-

250 3976 299 4022 “ln
319 3974 410 4021 balneis
424 3986 518 4019 eramus
535 3988 580 4033 ego
597 3978 623 4019 et
641 3971 730 4018 Brutus
741 3969 831 4023 tillus,''
866 3970 907 4025 tio,
924 3984 946 4015 a.
968 3972 1004 4016 2.
1039 3968 1138 4016 ldcn't
1158 3982 1198 4014 ses
1218 3982 1266 4031 any
1287 3968 1403 4030 difficulty
1423 3969 1450 4016 iu

249 4039 286 4087 lor
305 4038 358 4085 that
375 4037 453 4083 would
470 4042 514 4083 not
531 4036 590 4083 hasa
604 4036 664 4082 been
682 4034 767 4082 decent
785 4034 834 4096 (De
866 4034 931 4081 ‘buc
941 4032 1259 4094 graviorem-opinionem)

250 4104 349 4159 Officiis,
365 4100 444 4165 has).
479 4100 523 4148 ‘ld
539 4100 623 4147 aetatis
640 4100 733 4155 tllio‚'a
749 4112 792 4145 son
809 4098 837 4145 oi
899 4100 939 4146 62.
957 4096 1111 4144 damnatione
1128 4096 1263 4157 remanda]
1289 4096 1389 4144 Classen
1405 4096 1449 4145 bas

250 4168 308 4216 such
325 4182 355 4214 an
375 4181 426 4227 age.
460 4164 507 4241 {ld
528 4165 613 4213 aetatis
623 4164 672 4241 'uis
691 4178 706 4211 a
723 4176 833 4209 common
865 4160 1111 4224 putacommaaster
1122 4158 1308 4216 ‘damnatione'
1322 4160 1407 4216 which,
1418 4162 1450 4209 ha

248 4230 524 4345 tutatuta?
542 4226 838 4340 tututtlssst
866 4224 1450 4350 tt⁸ut:.¹²ts“3:stdtt.t‘3;⁰stth

249 4361 348 4419 Brutus,
365 4360 457 4422 though
469 4358 594 4407 Manutius
605 4372 659 4420 says
675 4370 717 4413 s03
733 4357 777 4402 but
793 4355 835 4403 tha
869 4360 875 4383 ⁸
887 4355 918 4402 sd
929 4351 1169 4415 omnia—respondi'
1180 4368 1220 4400 arc
1232 4358 1258 4401 to
1268 4353 1299 4401 be
1309 4354 1448 4402 canumet

250 4426 376 4475 ‘tabulae’
401 4424 429 4473 ol
450 4424 491 4473 tbs
513 4436 615 4471 censore.
657 4422 728 4469 Klotz
750 4420 833 4469 thinks
867 4418 907 4468 He
925 4420 946 4467 is
961 4418 1028 4481 quite
1041 4416 1121 4478 rigbt3
1137 4416 1184 4465 but
1201 4417 1255 4465 horr
1271 4432 1315 4465 can
1332 4433 1379 4479 any
1392 4433 1449 4465 man

249 4492 303 4539 that
313 4493 355 4539 the
367 4496 373 4520 ⁸
383 4488 494 4538 tabnlsc’
505 4504 544 4537 are
555 4488 631 4536 boolrs
641 4486 718 4535 nhlch
736 4485 832 4533 oontain
865 4483 1178 4543 understanditdifferently
1187 4484 1237 4529 ?—⁴
1245 4482 1448 4545 praesidiolcgisz'

248 4562 361 4605 mcounts
372 4556 400 4606 ol
409 4555 499 4619 buying
507 4552 555 4602 and
567 4552 659 4615 selling,
670 4564 699 4600 or
708 4550 832 4600 tbcboohs
863 4550 914 4598 this
924 4549 945 4597 is
955 4546 1081 4611 explained
1091 4546 1124 4610 by
1135 4546 1199 4595 nbat
1209 4548 1308 4597 tollens.
