3517 5325
735 486 836 552 oar.
859 489 913 568 oa,
930 489 983 552 m.
1397 494 1461 558 aaa

301 654 445 720 XXIV.
468 655 558 736 Quae
580 677 677 741 quum
698 655 747 721 ita
766 655 840 735 siut,
858 657 894 722 O.
912 655 1037 734 Manili,
1052 656 1187 741 primum
1202 658 1298 724 istam
1313 666 1405 724 tuam
1427 669 1462 729 et

256 754 359 840 legem
374 761 409 818 et
423 754 620 818 voluntatem
640 759 674 816 et
693 753 886 818 sententiam
907 754 1000 818 laudo
1015 754 1353 837 vehementissimeque
1375 778 1461 823 com·

256 854 366 939 probo,
384 851 499 916 deinde
513 859 547 916 te
562 851 673 916 hortor
694 859 732 916 ut
752 859 886 917 auctore
904 851 1021 938 pupulo
1036 851 1183 916 Romane
1197 875 1328 917 maneas
1341 854 1374 917 in
1390 875 1461 917 sen-

257 949 361 1016 tentia
375 971 454 1014 neve
470 949 655 1034 cujusquam
669 949 732 1012 vim
752 957 810 1014 aut
830 949 935 1012 minas
954 948 1174 1034 pertimescas.
1220 949 1364 1013 Primum
1379 951 1412 1014 in
1426 959 1461 1016 te

257 1048 338 1112 satis
352 1068 422 1110 esse
444 1046 540 1110 animi
563 1047 875 1132 perseverantiaeque
898 1045 1056 1118 arbitror;
1081 1045 1204 1124 deinde,
1222 1067 1319 1130 quum
1334 1054 1461 1112 tantam

257 1143 494 1210 multitudinem
518 1165 590 1206 cum
611 1149 703 1210 tanto
726 1144 831 1207 studio
854 1144 966 1206 adesse
981 1143 1151 1218 videamus,
1168 1150 1322 1227 quantam
1345 1143 1462 1208 iterum

258 1263 340 1310 nuuc
356 1239 388 1304 iu
403 1239 516 1304 eodem
531 1239 656 1303 homine
670 1239 882 1324 praeficiendo
893 1239 1044 1317 videmus,
1058 1239 1133 1324 quid
1145 1241 1292 1324 estquod
1304 1249 1362 1304 aut
1376 1240 1415 1305 de
1427 1263 1462 1306 re

256 1345 315 1401 aut
340 1339 379 1400 ds
400 1336 582 1421 perficiendi
604 1336 754 1400 facultate
769 1337 969 1401 dubitemus!
1014 1338 1086 1421 Ego
1101 1345 1218 1415 antem,
1239 1337 1394 1423 quidquid
1409 1347 1461 1402 est

258 1434 290 1496 in
305 1457 355 1498 me
370 1434 478 1512 studii,
495 1433 627 1508 consilii,
642 1433 768 1512 laboris,
785 1433 913 1518 ingenii,
936 1434 1088 1518 quidquid
1102 1435 1162 1498 hoc
1176 1436 1329 1499 beneficio
1351 1435 1460 1520 populi

259 1530 394 1593 Romani
417 1537 513 1614 atque
536 1529 595 1592 hac
617 1535 779 1614 potestate
801 1529 970 1614 praetoria,
986 1531 1137 1616 quidquid
1159 1531 1364 1611 auctoritate,
1385 1532 1458 1610 fide,

258 1629 439 1692 constantia
453 1649 592 1712 possum,
608 1627 639 1690 id
661 1649 754 1692 omne
777 1629 818 1691 ad
841 1627 925 1691 hanc
939 1650 1006 1690 rem
1021 1629 1246 1693 conficiendam
1262 1630 1322 1694 tibi
1345 1637 1379 1694 et
1402 1652 1460 1715 po·

257 1724 333 1809 pulo
357 1725 501 1788 Romano
526 1724 675 1808 polliceor
699 1747 737 1788 ac
760 1724 887 1788 deiero:
912 1731 1077 1809 testorque
1103 1747 1213 1790 omnes
1235 1727 1322 1804 deos,
1347 1735 1382 1791 et
1405 1748 1462 1790 eos

259 1821 405 1898 maxime,
422 1821 475 1905 qui
498 1821 571 1884 huic
593 1822 662 1885 loco
684 1822 866 1908 temploque
888 1823 1082 1906 praesident,
1098 1823 1152 1907 qui
1175 1823 1316 1887 omnium
1336 1830 1462 1887 mentes

259 1939 368 1981 eorum
388 1917 440 2001 qui
464 1917 506 1980 ad
525 1917 768 2002 rempublicam
792 1919 913 1982 adeunt
937 1919 1073 1982 manime
1096 1919 1305 2004 perspiciunt,
1325 1941 1378 1983 me
1399 1920 1461 1983 hoc

259 2035 360 2099 neque
382 2021 497 2099 rogatu
522 2014 625 2078 lacere
645 2017 840 2100 cujusquam,
868 2023 970 2101 neque
992 2037 1055 2100 quo
1079 2016 1140 2080 On.
1156 2017 1303 2102 Pompeii
1323 2015 1461 2100 gratiam

259 2110 335 2174 mihi
351 2112 501 2195 perhanc
517 2133 662 2175 caussam
679 2112 837 2176 conciliari
852 2119 972 2198 putem,
989 2135 1091 2198 neque
1112 2135 1173 2198 quo
1196 2114 1273 2176 mihi
1295 2135 1335 2176 ex
1357 2114 1461 2196 cujus·

259 2229 353 2292 quam
368 2208 572 2292 amplitudine
587 2217 643 2273 aut
658 2209 813 2294 praesidia
835 2210 983 2293 periculis
1004 2217 1061 2274 aut
1081 2211 1267 2294 adjumenta
1287 2209 1462 2273 honoribus

259 2327 428 2390 quaeram
463 2313 631 2393 propterea
654 2308 737 2392 quod
764 2308 905 2392 pericula
927 2309 1028 2384 facile,
1052 2316 1090 2372 ut
1113 2309 1272 2372 hominem
1297 2318 1460 2392 praestare

259 2411 396 2488 oportet,
413 2403 593 2466 innocentia
607 2403 688 2467 tecti
703 2403 897 2487 repellemus,
914 2404 1067 2466 honorem
1082 2411 1190 2467 antem
1209 2424 1311 2486 neque
1333 2404 1374 2466 ab
1396 2425 1460 2466 uno

258 2521 359 2584 neque
383 2523 422 2564 ex
446 2499 609 2576 hocloco,
635 2498 691 2562 sed
718 2499 829 2562 eadem
852 2499 906 2561 illa
929 2506 1040 2562 nostra
1065 2499 1312 2562 laboriosissima
1337 2499 1460 2563 ratione

258 2597 352 2673 vitae,
374 2597 402 2659 si
425 2603 531 2659 vestra
554 2595 700 2658 voluutas
722 2595 814 2672 feret,
840 2616 1076 2680 consequemur.
1123 2595 1344 2676 Quamobrem,
1369 2595 1459 2681 quid-

259 2695 335 2779 quid
357 2694 389 2755 in
411 2694 470 2755 hac
495 2714 607 2755 caussa
628 2692 704 2755 mihi
726 2699 909 2776 susceptum
933 2699 993 2767 est,
1011 2691 1160 2770 Quirites,
1177 2692 1210 2754 id
1225 2714 1286 2777 ego
1302 2714 1393 2755 omne
1409 2716 1459 2757 me

259 2789 305 2851 rei
320 2787 463 2873 publicae
478 2809 590 2851 caussa
604 2787 780 2873 suscepisse
796 2788 957 2863 confirmo,
967 2794 1154 2872 tantumque
1166 2788 1259 2852 abest
1272 2797 1309 2853 ut
1323 2788 1460 2874 aliquam

259 2885 336 2948 mihi
352 2885 466 2949 bonam
481 2884 619 2969 gratiam
642 2884 803 2968 quaesisse
818 2884 935 2961 videar,
951 2892 989 2949 ut
1009 2885 1126 2948 multas
1140 2907 1191 2948 me
1205 2885 1303 2948 etiam
1318 2885 1459 2951 simulta-

260 2990 310 3047 tus
331 2980 448 3067 partim
468 2983 628 3060 obscuras,
648 2982 766 3066 partim
781 2988 910 3067 apertas
932 2980 1115 3066 intelligam,
1134 2982 1211 3045 mihi
1230 3005 1295 3046 non
1315 3006 1459 3047 necessa·

293 3194 334 3239 24.
351 3192 683 3255 csctwspopuloltomuuo]
708 3192 748 3241 Hc
758 3192 844 3255 speaks
876 3192 915 3241 his
936 3190 1090 3247 muooenm’
1118 3190 1164 3237 hut
1189 3190 1211 3237 it
1231 3204 1322 3248 means,
1341 3205 1368 3237 ss
1385 3190 1459 3238 Halm

260 3270 287 3302 as
305 3256 326 3302 if
347 3256 389 3304 tha
406 3258 491 3318 pcoplo
510 3257 557 3303 had
575 3256 670 3317 already
689 3258 759 3318 given
782 3258 844 3305 their
876 3272 938 3319 says,
951 3256 1459 3303 ‘mserasamancsnsecurethatwhich

261 3324 316 3366 vote
328 3319 417 3381 (comp.
429 3336 449 3368 c.
460 3324 499 3377 22,
511 3320 590 3367 attha
601 3320 750 3383 beginning),
766 3322 843 3368 which
876 3322 897 3368 is
919 3320 1051 3381 altogether
1072 3319 1098 3365 in
1117 3319 1160 3365 tha
1178 3334 1258 3381 power
1276 3319 1304 3366 of
1323 3316 1365 3366 tha
1382 3318 1459 3380 gods)

261 3382 292 3430 hs
303 3384 372 3431 could
390 3385 429 3441 do,
442 3386 507 3433 since
523 3385 566 3461 thp
580 3386 665 3470 people
681 3386 844 3461 sonpealuusly
877 3385 918 3433 Hs
935 3398 1058 3446 compares
1076 3381 1108 3444 (c
1123 3382 1164 3443 lo)
1181 3383 1327 3469 “f’e'lidtata
1338 3398 1411 3446 quam
1429 3383 1460 3431 de

261 3448 845 3575 ldlvdhouhthlbddesltdgddliiohltlidnlihulpdddd
877 3455 1036 3573 capax&
1045 3452 1239 3573 uqqqpffipng
1262 3512 1393 3559 ‘honores’
1416 3526 1459 3573 sp·

261 3582 398 3636 arguments
409 3577 446 3624 ior
456 3578 593 3638 penuasion
611 3576 718 3641 (Halm).
876 3591 945 3639 pears
959 3583 986 3624 to
1002 3577 1034 3623 ba
1051 3590 1066 3622 a
1082 3576 1226 3637 coniemurc,
1238 3577 1285 3623 sud
1303 3577 1323 3623 it
1339 3578 1360 3623 is
1377 3592 1392 3623 a
1403 3592 1460 3637 very

295 3642 430 3701 temploque
443 3640 608 3702 praesideat]
627 3640 680 3688 The
697 3642 783 3703 speech
794 3656 842 3689 vras
875 3641 989 3702 probable
999 3655 1059 3696 οπεος
1076 3640 1113 3686 ior
1124 3640 1255 3701 ‘pericula'
1267 3640 1422 3701 oorraspouds
1432 3646 1459 3687 to

262 3701 380 3750 delivered
396 3704 421 3751 in
437 3706 568 3752 theiomm
581 3704 612 3765 (c.
627 3703 660 3767 l),
678 3706 755 3752 ubere
775 3706 843 3752 thera
876 3704 1019 3765 ‘periculis'
1048 3704 1096 3749 and
1124 3702 1252 3751 ‘honores’
1280 3704 1358 3749 would
1380 3717 1459 3750 corre-

262 3780 324 3813 vvsre
341 3768 430 3814 savard
451 3768 559 3829 templcs.
605 3768 654 3815 But
670 3768 712 3815 the
737 3768 841 3815 ‘rostra'
875 3768 953 3829 spond
971 3775 998 3814 to
1017 3766 1180 3815 ‘honoribus’
1212 3766 1292 3813 When
1304 3767 1388 3813 Cicero
1403 3780 1459 3813 uses

261 3830 406 3879 themselves
416 3846 478 3879 vera
489 3832 748 3894 callsda‘templum.'
783 3832 843 3893 Livy
876 3832 918 3878 tha
936 3830 1002 3877 word
1023 3830 1182 3877 ‘honoribus'
1200 3830 1231 3876 he
1250 3830 1458 3890 oeunnlymcsns

263 3894 299 3957 (ii.
319 3896 362 3955 56)
382 3896 467 3957 speaks
492 3896 520 3943 ol
537 3897 580 3943 tha
601 3896 668 3957 place
685 3896 745 3945 from
767 3895 844 3941 which
876 3895 919 3941 the
929 3894 1077 3955 consulship,
1088 3893 1130 3939 tha
1141 3899 1200 3939 next
1216 3892 1295 3951 object
1312 3892 1340 3938 ui
1354 3892 1391 3938 bis
1407 3907 1458 3939 sm-

261 3958 843 4019 apoblicaddressvvaatobsmadeasa¹tem-
876 3958 963 4005 bition.
997 3958 1023 4004 li
1037 3954 1178 4002 ‘honorem'
1197 3956 1218 4001 is
1235 3955 1307 4017 right,
1324 3956 1336 4001 l
1356 3970 1459 4016 suppose

261 4022 343 4083 plum'
373 4024 503 4086 (occupant
529 4024 619 4071 tribuni
653 4021 791 4084 templum),
818 4023 845 4069 in
877 4023 1050 4069 ltstillmeans
1058 4020 1100 4066 the
1116 4019 1262 4079 consulship,
1280 4018 1457 4065 ‘thahonour.'

262 4087 310 4133 viii.
323 4088 369 4134 14:
394 4094 409 4116 ¹¹
420 4089 500 4135 Nsves
515 4088 649 4135 Antiatium
661 4088 747 4148 partim
765 4088 790 4133 in
801 4102 843 4133 ns·
877 4085 988 4134 Benecke
998 4082 1119 4130 considers
1137 4083 1157 4128 lt
1176 4087 1201 4130 to
1218 4082 1249 4129 be
1267 4082 1309 4128 the
1329 4082 1459 4131 “abstraot

260 4150 323 4197 valia
333 4150 471 4208 subductae,
483 4152 570 4211 partim
585 4151 702 4205 incensae,
714 4150 843 4211 rostrisque
874 4157 945 4205 term,
956 4150 994 4195 ior
1011 4147 1054 4193 the
1076 4146 1209 4192 ‘honores'
1227 4160 1267 4192 are
1278 4146 1411 4206 comprised
1432 4147 1459 4194 in

261 4228 342 4261 earum
355 4221 492 4275 suggestum
510 4216 537 4260 in
556 4214 608 4261 iuro
626 4220 760 4260 extructum
775 4214 843 4259 ador-
877 4211 1010 4261 ‘bancam
1028 4211 1040 4257 1
1052 4210 1135 4270 hardly
1144 4210 1215 4255 know
1226 4209 1247 4255 ii
1257 4215 1263 4236 ⁸
1272 4210 1402 4256 honorem'
1414 4224 1458 4257 osu

261 4279 313 4326 uari
324 4280 430 4340 placuit:
449 4280 583 4339 ffirmraqus
593 4278 618 4324 id
634 4279 751 4339 templum
762 4278 843 4339 appel·
876 4277 908 4324 be
929 4275 1095 4334 satisfactorily
1113 4273 1247 4334 explained.
1282 4274 1379 4333 Shortly
1397 4274 1459 4321 after

261 4342 364 4390 latum.'’
832 4356 836 4363 ·
877 4342 908 4388 he
919 4355 972 4401 says
991 4340 1052 4385 ‘hoc
1062 4337 1169 4391 houora’
1186 4337 1218 4398 hy
1229 4337 1307 4383 which
1317 4337 1348 4384 hc
1359 4352 1459 4398 appears

293 4413 322 4454 ut
333 4406 465 4468 hominem]
484 4405 609 4453 Manutius
620 4404 723 4465 thought
733 4404 786 4451 that
796 4404 845 4451 this
877 4410 904 4451 to
915 4419 985 4451 mean
995 4404 1038 4450 tbc
1053 4400 1252 4464 praetorship.-‘
1260 4402 1285 4449 id
1298 4416 1343 4464 ago
1359 4416 1431 4449 omns
1441 4401 1457 4450 ε’

261 4476 343 4518 mssut
360 4472 513 4519 ‘mlarasa
528 4485 639 4517 mansan
658 4469 796 4517 hesacured
813 4468 845 4531 by
878 4468 908 4516 Ε.
919 4470 965 4525 V.;
983 4467 1024 4515 ‘id
1035 4481 1106 4513 omne
1116 4464 1177 4527 ηοξ
1190 4464 1278 4514 Baiter.
