3517 5325
593 485 772 550 ΗΑΒΙΤΟ
797 482 898 551 ΟΑΡ.
921 489 1060 552 38-40.
1351 484 1415 553 337

211 653 368 718 hominis:
392 652 514 718 noratis
536 655 659 720 animos
678 658 747 741 ejus
770 679 808 722 ac
832 657 964 742 spiritus
983 657 1181 723 tribunicios.
1227 658 1320 739 Quod
1341 666 1414 721 erat

212 753 340 816 odium!
367 752 410 834 dii
436 753 651 818 immortales!
677 777 757 840 quae
780 756 951 840 superbia!
983 764 1104 841 quanta
1131 756 1311 840 ignorantia
1340 755 1410 818 sui!

212 875 305 937 qnam
328 851 435 938 gravis
454 865 551 936 atque
573 853 779 940 intolerabilis
808 855 1014 940 arrogantia!
1048 855 1101 939 qni
1123 855 1199 917 illud
1217 857 1286 938 jam
1310 854 1415 939 ipsum

211 951 325 1014 acerbe
349 949 469 1026 tulerit,
489 972 529 1012 ex
549 973 611 1035 quo
629 951 681 1014 illa
696 959 773 1016 nata
791 959 867 1016 sunt
882 953 996 1027 omnia,
1015 974 1079 1016 non
1100 952 1160 1015 sibi
1182 973 1220 1015 ac
1240 949 1415 1014 defensioni

212 1070 288 1112 suae
308 1045 521 1112 condonatum
543 1071 613 1113 esse
629 1050 858 1135 Oppianicum
883 1050 1015 1135 proinde
1034 1050 1124 1135 quasi
1146 1072 1209 1113 non
1231 1049 1311 1113 satis
1332 1047 1415 1132 signi

212 1167 282 1209 esse
297 1147 442 1210 debuerit
456 1148 496 1210 ab
511 1147 657 1212 omnibus
672 1169 744 1210 eum
759 1148 857 1212 luisse
874 1149 1036 1212 desertum
1057 1147 1111 1233 qui
1133 1170 1168 1212 se
1187 1149 1229 1212 ad
1244 1154 1413 1233 patronum

212 1243 300 1307 illum
323 1244 521 1308 contulisset.
567 1245 649 1310 Erat
675 1245 759 1309 enim
785 1245 907 1310 Rornae
931 1267 1055 1309 summa
1079 1246 1170 1331 copia
1197 1254 1413 1330 patronorum,

184 1405 187 1409 .
213 1343 374 1406 hominum
403 1341 731 1427 eloquentissimorum
753 1350 850 1428 atque
876 1343 1151 1428 amplissimorum,
1173 1365 1306 1428 quorum
1328 1348 1415 1405 certe

212 1441 326 1525 aliquis
340 1441 534 1504 defendisset
548 1441 687 1526 equitem
708 1441 896 1518 Romanum,
911 1441 944 1503 in
958 1437 1128 1525 municipio
1146 1463 1204 1504 suo
1225 1439 1371 1514 nobilem,
1387 1437 1415 1501 si

213 1539 345 1602 honeste
374 1546 521 1624 putasset
550 1539 705 1622 ejusmodi
735 1559 879 1602 caussam
907 1561 1001 1624 posse
1038 1539 1173 1602 delendi.
1229 1539 1307 1602 XL.
1332 1535 1417 1599 Nam

215 1635 364 1716 Quintius
392 1636 528 1720 quidem,
560 1658 655 1720 quam
688 1657 834 1700 caussam
863 1657 1010 1721 umquam
1039 1645 1135 1699 antea
1156 1636 1289 1714 dixerat,
1321 1655 1417 1720 quum

214 1755 315 1798 annos
328 1735 369 1797 ad
385 1734 614 1819 quinquaginta
628 1742 723 1798 natus
738 1737 843 1799 esset?
865 1735 936 1820 quis
951 1757 1022 1798 eum
1037 1756 1186 1820 nmquam
1201 1757 1264 1798 non
1278 1733 1373 1796 modo
1384 1731 1418 1794 in

214 1832 340 1916 patroni
366 1833 422 1896 sed
451 1832 483 1894 in
512 1832 685 1897 laudatoris
714 1840 772 1897 aut
799 1833 950 1897 advocati
978 1832 1049 1896 loco
1072 1833 1216 1896 viderat?
1252 1830 1305 1916 qui
1332 1828 1417 1915 quod

215 1927 335 1994 Rostra
357 1931 477 2014 jamdiu
504 1952 613 2006 vacua,
633 1931 798 2016 locumque
820 1929 908 1993 illum
929 1938 1003 2015 post
1025 1931 1194 1993 adventum
1212 1930 1248 1993 L.
1267 1927 1374 1991 Sullae
1395 1949 1416 1990 a

214 2027 385 2090 tribunicia
409 2049 485 2091 voce
509 2028 671 2092 desertum
692 2035 903 2113 oppresserat,
929 2027 1228 2112 multitudinemque
1253 2027 1416 2090 desuefac-

214 2131 282 2188 tam
293 2123 361 2207 jam
375 2145 395 2186 a
410 2123 610 2188 contionibus
629 2125 670 2188 ad
688 2125 804 2190 veteris
819 2125 1057 2190 consuetudinis
1072 2125 1308 2189 similitudinem
1328 2144 1417 2187 revo-

216 2229 349 2297 caverat,
367 2221 483 2286 idcirco
506 2222 628 2286 cuidam
652 2223 813 2286 hominnm
833 2223 941 2308 generi
963 2222 1132 2306 paullisper
1152 2222 1324 2305 jucundior
1344 2219 1417 2283 fuit.

216 2418 360 2482 altiorem
382 2419 488 2481 locum
508 2417 718 2481 ascenderat!
764 2416 875 2501 Neque
898 2415 1022 2498 injuria.
1069 2415 1182 2478 Facite
1204 2415 1288 2476 enim
1302 2421 1418 2476 utnon

216 2515 317 2580 solum
331 2537 435 2579 mores
450 2525 484 2578 et
498 2515 712 2600 arrogantiam
727 2517 806 2599 ejus,
827 2515 884 2577 sed
904 2513 1001 2576 etiam
1016 2512 1136 2576 vultum
1156 2521 1252 2596 atque
1267 2511 1419 2574 amictum

215 2621 311 2699 atque
327 2613 422 2677 etiam
439 2612 521 2676 illam
537 2633 636 2696 usque
657 2612 699 2675 ad
721 2612 804 2677 talos
825 2611 993 2675 demissam
1010 2632 1181 2695 purpuram
1200 2609 1418 2676 recordemini.

218 2710 261 2787 Is,
289 2711 378 2795 quasi
397 2732 461 2773 non
487 2718 573 2773 esset
596 2709 658 2771 ullo
680 2710 774 2771 modo
796 2710 958 2773 ferendum
981 2730 1016 2771 se
1038 2730 1078 2772 ex
1096 2709 1216 2792 judicio
1237 2707 1419 2771 discessisse

216 2807 346 2883 victum,
376 2828 443 2870 rem
468 2829 489 2869 a
513 2806 670 2870 subselliis
694 2808 734 2870 ad
765 2806 884 2869 Rostra
907 2806 1034 2869 detulit.
1094 2806 1140 2869 Et
1159 2807 1226 2890 jam
1258 2805 1419 2889 querimur

217 2926 310 2990 saepe
338 2904 515 2968 hominibus
544 2903 633 2967 novis
666 2926 729 2967 non
757 2904 837 2967 satis
866 2924 1000 2987 magnos
1032 2902 1064 2966 in
1093 2904 1154 2967 hac
1191 2903 1320 2968 civitate
1350 2922 1419 2965 esse

216 3003 364 3067 lructusl
424 3002 515 3088 Nego
551 3023 684 3087 usquam
720 3022 869 3087 umquam
899 3002 996 3065 fuisse
1025 3002 1170 3086 majores,
1197 3002 1261 3080 ubi,
1292 3001 1319 3064 si
1349 3000 1419 3085 quis

251 3188 290 3235 40.
307 3186 455 3248 laudatoris]
474 3185 498 3233 A
516 3186 613 3233 witness
632 3190 658 3233 to
670 3186 798 3243 character,
831 3194 958 3247 supererat
969 3185 1118 3247 primus.'-‘
1125 3186 1151 3233 in
1161 3186 1269 3233 altiorem
1276 3185 1356 3233 locam
1364 3184 1380 3231 ι’
1392 3189 1418 3233 to

219 3250 358 3309 ‘laudatci-,'
374 3266 402 3299 or
419 3266 435 3297 a
449 3252 505 3313 help
518 3251 544 3297 in
560 3266 607 3312 any
623 3266 674 3313 way
688 3249 799 3313 (advoca-
832 3266 847 3297 a
857 3250 941 3310 higher
951 3251 1019 3307 rank,
1032 3256 1057 3297 to
1067 3266 1083 3297 a
1093 3250 1178 3312 higher
1189 3252 1264 3305 office,
1276 3250 1318 3297 the
1329 3250 1417 3298 aedile·

218 3314 278 3371 ms).
833 3314 896 3376 ship,
907 3330 934 3361 aa
944 3329 980 3362 we
991 3331 1044 3377 may
1057 3316 1200 3376 conjecture.
1221 3316 1340 3377 Compare
1348 3316 1416 3362 Verr.

246 3380 573 3443 parlamentum-Sullae]
586 3380 684 3427 SeePro
692 3379 800 3436 Fonteio,
834 3380 889 3427 Act.
901 3380 925 3426 ii.
937 3384 961 3426 ⁴.
973 3396 993 3427 c
1006 3383 1046 3437 22,
1059 3379 1105 3427 ‘ds
1117 3381 1169 3427 loco
1181 3379 1319 3442 mperiore!

219 3447 346 3501 e.3,note.
366 3446 418 3492 The
430 3445 569 3493 Roshabad
578 3446 634 3507 long
642 3444 801 3501 beenvacant,
867 3445 901 3492 ad
922 3444 996 3506 talos]
1025 3445 1104 3491 “Alia
1130 3445 1290 3507 respondendi
1310 3445 1418 3506 patronis

218 3509 266 3556 and
277 3510 318 3557 the
330 3510 434 3557 voiceof
446 3511 487 3557 the
503 3510 604 3558 Tribuni
622 3510 669 3556 had
686 3516 730 3557 not
742 3510 801 3556 been
834 3510 909 3566 ratio;
925 3514 951 3556 et
960 3510 1088 3571 aliqnando
1097 3516 1179 3557 tamen
1189 3525 1271 3557 eorum
1283 3525 1332 3556 non
1343 3510 1419 3557 oratio

218 3573 292 3620 heard
306 3574 381 3629 there,
393 3574 429 3621 lor
449 3574 515 3621 Sulla
531 3574 578 3621 had
596 3574 698 3621 checked
716 3574 802 3635 liberty
834 3573 915 3629 modo,
927 3574 968 3620 scd
979 3575 1028 3620 vita
1038 3574 1216 3631 etiam,rultns,
1227 3575 1330 3636 denique
1340 3575 1417 3622 inces-

219 3638 247 3685 οἰ
255 3638 349 3699 speech,
360 3639 437 3684 which
449 3653 496 3685 was
514 3638 556 3685 the
572 3654 638 3685 earne
654 3639 724 3699 thing
743 3638 801 3685 then
835 3652 883 3695 sus,
896 3638 998 3694 habitus,
1009 3644 1074 3685 recte
1088 3639 1192 3685 incusari
1208 3639 1275 3694 solet,
1291 3644 1319 3685 nt
1335 3639 1419 3686 adver·

218 3716 246 3747 as
257 3700 277 3746 il'
285 3706 390 3761 atyrant
401 3702 486 3748 should
497 3716 608 3763 suppress
623 3702 730 3763 printing
741 3717 801 3749 now.
835 3716 875 3749 sus
887 3703 1013 3754 Quintium
1025 3704 1109 3750 Cicero
1128 3718 1176 3749 non
1196 3703 1254 3749 haee
1273 3703 1358 3757 solum,
1376 3703 1419 3750 sed

220 3764 287 3811 Sulla
304 3764 415 3825 deprived
434 3766 475 3811 the
485 3766 587 3812 'lh-ibuni
603 3766 631 3813 ol
647 3766 710 3813 their
724 3780 803 3827 power
834 3766 912 3825 ipsam
923 3767 995 3813 etiarn
1013 3772 1160 3827 praetextam
1171 3766 1298 3813 demissam
1309 3766 1340 3812 ad
1355 3767 1418 3813 talos

219 3828 293 3876 about
305 3843 374 3874 seven
392 3843 460 3889 years
479 3828 559 3876 before
575 3829 618 3875 the
635 3844 704 3875 cause
715 3830 743 3875 of
751 3830 802 3890 Op·
835 3830 965 3876 insectatus
986 3829 1048 3876 est”
1062 3830 1215 3893 (Quintilian,
1238 3830 1299 3876 lust.
1322 3844 1345 3874 v.
1367 3831 1418 3891 13).

219 3893 328 3955 planicus
347 3907 394 3938 was
412 3892 498 3948 heard;
515 3893 562 3939 and
580 3892 654 3939 about
674 3894 716 3940 the
738 3908 803 3939 same
836 3892 961 3940 Manutius
972 3893 1020 3939 and
1031 3908 1097 3940 some
1108 3895 1190 3939 others
1208 3893 1269 3939 have
1286 3893 1357 3939 taken
1369 3893 1418 3940 this

219 3958 278 4004 time
289 3957 319 4002 he
331 3956 399 4003 made
410 3957 452 4001 the
464 3958 589 4003 Senatores
604 3957 660 4016 only
672 3956 765 4017 eligible
776 3962 802 4003 to
834 3972 934 4017 passage
944 3965 970 4003 to
987 3972 1060 4018 prore
1076 3958 1129 4003 that
1139 3957 1181 4003 the
1192 3957 1291 4003 'lhibuni
1303 3970 1367 4003 wore
1377 3956 1420 4004 the

219 4022 262 4068 the
279 4022 346 4067 office
366 4020 393 4067 ol
408 4019 506 4066 Judices
525 4020 550 4066 in
572 4021 614 4066 the
636 4020 802 4071 Quaestionem
835 4022 968 4076 Praetexta,
979 4022 1072 4081 though
1092 4021 1204 4067 Plutarch
1221 4035 1275 4080 says
1292 4020 1346 4066 that
1361 4021 1419 4082 they

220 4086 307 4132 Verres
319 4100 366 4131 was
380 4084 476 4131 Praetor
487 4083 600 4131 Urbanus
609 4084 676 4131 when
685 4084 802 4145 Oppiani·
834 4085 875 4131 did
887 4091 937 4131 not.
961 4084 1010 4131 But
1020 4086 1069 4131 this
1079 4099 1268 4145 passageprores
1280 4085 1332 4130 that
1341 4084 1419 4135 Quin-

219 4166 262 4198 cus
273 4165 320 4196 was
331 4149 400 4196 tried.
422 4148 492 4195 Alter
503 4149 556 4195 that
566 4148 653 4194 Verres
664 4164 711 4194 was
720 4162 802 4209 gover-
835 4150 883 4196 tius
894 4150 951 4195 took
960 4148 1001 4195 the
1014 4149 1146 4205 Praetexta,
1159 4148 1227 4195 when
1239 4148 1270 4195 he
1280 4164 1328 4195 was
1342 4149 1419 4195 raised

219 4229 264 4263 nor
275 4214 302 4261 ol
311 4214 382 4275 Sicily
395 4213 431 4260 t‘or
440 4214 507 4258 three
517 4228 593 4273 years,
605 4212 651 4258 and
663 4214 688 4259 in
697 4214 738 4259 the
747 4218 804 4259 next
836 4213 983 4273 toahigher
1000 4213 1075 4273 place.
1109 4214 1193 4260 Cicero
1209 4212 1346 4259 afterwards
1362 4214 1420 4260 calls

219 4295 276 4343 year
295 4279 325 4326 he
347 4292 394 4325 was
417 4276 558 4339 prosecuted
578 4276 609 4338 by
629 4276 719 4324 Cicero.
752 4276 804 4323 The
836 4277 886 4324 him
904 4282 1021 4324 a‘novns
1037 4277 1126 4333 homo,'
1144 4283 1230 4323 aterm
1250 4278 1306 4338 only
1324 4278 1419 4339 applied

219 4342 358 4392 Tribunicio
376 4348 481 4404 potestas
504 4357 551 4388 was
573 4342 678 4389 restored
701 4354 751 4389 rac.
772 4343 804 4396 70
835 4346 888 4389 toa
902 4356 958 4388 rnan
969 4342 1079 4388 whohad
1092 4341 1205 4389 obtained
1220 4356 1235 4388 a
1248 4342 1329 4389 crrrnle
1343 4343 1419 4398 office,

221 4408 287 4471 (Vol.
301 4408 321 4456 1.
335 4409 443 4455 Divino.
457 4409 481 4462 3,
493 4411 560 4463 note;
574 4406 621 4453 and
633 4406 742 4453 Actia
754 4406 802 4469 lo).
835 4406 883 4453 and
895 4421 942 4453 was
950 4406 1231 4468 thelirstolhislarnily
1243 4406 1296 4453 who
1312 4406 1359 4453 had
1375 4406 1419 4455 ob·

220 4478 260 4510 -‘
268 4478 418 4535 oppresserat
426 4470 442 4519 :’
456 4472 581 4520 Manutim
589 4470 696 4533 explains
704 4470 735 4533 by
748 4474 802 4519 ‘oc·
835 4471 916 4519 tained
926 4471 954 4519 it.
