3517 5325
331 472 395 542 178
655 467 793 534 ORAT.
816 465 908 532 PRO
933 465 982 531 M.
1006 464 1213 532 FONTEIO

378 643 462 707 XV.
488 641 543 707 An
565 661 640 706 vero
662 639 828 715 dubitatis,
851 639 988 724 judices,
1015 638 1091 724 quin
1114 636 1228 702 insitas
1254 634 1436 701 inimicitias
1457 633 1540 700 istac

333 747 448 827 gentes
469 761 579 804 omnes
600 746 635 803 et
656 739 797 804 habeant
818 743 852 801 et
874 745 990 822 gerant
1014 759 1087 800 curn
1109 734 1216 821 populi
1233 733 1369 798 Romani
1391 733 1541 798 nominet

337 839 390 903 Sic
406 837 598 902 existimatis
612 859 669 902 eos
683 837 735 900 hic
750 843 883 921 sagatos
905 837 1116 921 bracatosque
1135 833 1255 898 versari
1278 832 1383 896 animo
1402 832 1541 896 demisso

334 943 432 1020 atque
447 934 567 1013 humili,
584 942 622 1000 ut
636 933 742 999 solent
763 934 785 996 ii
807 932 861 1018 qui
875 933 982 998 affecti
998 932 1121 1017 injuriis
1140 931 1183 994 nd
1204 952 1298 1016 opem
1309 930 1453 1016 judicum
1468 952 1541 1015 sup-

335 1034 434 1121 plices
465 1032 693 1117 inferioresque
721 1031 931 1117 confugienti
976 1031 1064 1094 Nihil
1089 1050 1164 1094 vero
1191 1028 1307 1093 minus.
1353 1028 1399 1092 Hi
1429 1035 1543 1093 contra

335 1137 494 1216 vagantur
507 1130 583 1196 laeti
597 1139 696 1215 atque
717 1129 817 1194 erecti
838 1129 958 1214 passim
977 1137 1050 1194 toto
1070 1129 1138 1192 loro
1153 1149 1226 1191 curn
1246 1126 1434 1211 quibusdam
1448 1125 1543 1190 minis

337 1236 372 1292 et
386 1229 524 1292 barbaro
538 1237 636 1312 atquc
651 1227 780 1291 immani
794 1234 918 1291 terrore
932 1228 1119 1302 verborum
1144 1225 1229 1311 quod
1243 1247 1303 1311 ego
1318 1224 1463 1310 prolecto
1477 1245 1543 1288 non

336 1327 509 1405 crederem,
535 1325 597 1390 nisi
621 1325 791 1412 aliquoties
812 1347 853 1390 ex
879 1325 957 1411 ipsis
986 1325 1230 1390 accusatoribus
1251 1323 1415 1388 vobiscum
1438 1322 1541 1400 simul,

337 1425 473 1510 judices,
488 1424 648 1488 audissem
670 1446 766 1509 quum
788 1423 1009 1510 praeciperent
1032 1430 1070 1488 ut
1094 1422 1251 1488 caveretis
1265 1443 1305 1485 ne
1319 1421 1381 1485 hoc
1396 1420 1543 1486 absoluto

338 1544 456 1586 novum
481 1521 607 1606 aliquod
632 1521 750 1585 bellum
776 1521 934 1585 Gallicum
959 1520 1185 1585 concitaretur.
1231 1519 1267 1583 Si
1293 1519 1342 1584 M.
1361 1519 1542 1595 Fonteium,

335 1620 471 1705 jndices,
495 1619 529 1682 in
547 1641 660 1683 cerussa
682 1620 856 1684 deficerent
875 1619 999 1683 omnia:
1024 1619 1052 1682 si
1073 1619 1159 1704 turpi
1174 1617 1399 1694 adolescentia,
1416 1617 1482 1681 vita
1496 1616 1544 1678 in-

338 1717 424 1794 fami,
436 1717 678 1801 magistratibus
692 1738 772 1802 quos
781 1725 858 1782 ante
868 1717 977 1782 oculos
989 1725 1111 1782 vestros
1122 1717 1224 1802 gessit
1239 1715 1395 1781 convictis
1405 1715 1545 1778 virorum

339 1815 496 1878 bonorum
510 1813 713 1893 testimoniis,
729 1815 943 1901 legationibus
964 1815 1121 1901 flagitiose
1142 1815 1248 1890 obitis,
1264 1813 1383 1878 invisus
1397 1813 1464 1877 suis
1478 1834 1544 1876 om-

339 1911 442 1988 nibus,
466 1911 499 1976 in
524 1911 680 1996 judicium
703 1922 888 1987 vocaretur;
913 1912 941 1976 si
967 1912 1000 1976 in
1023 1935 1062 1978 eo
1088 1913 1209 2000 judicio
1232 1912 1414 1976 colonorum
1436 1909 1545 1997 populi

341 2007 480 2073 Romani
510 2009 773 2089 Narbonensium,
804 2010 1061 2076 fidelissimorum
1096 2011 1255 2076 sociorum
1285 2009 1542 2088 Massiliensium,

343 2106 458 2171 civium
482 2107 700 2170 Romanorum
724 2108 865 2171 omnium
894 2109 1086 2174 testimoniis
1114 2109 1294 2194 tabulisque
1322 2095 1569 2194 premeretur;'

341 2209 451 2269 tamen
465 2212 553 2269 esset
566 2205 657 2269 vobis
670 2227 786 2290 magno
808 2228 904 2291 opere
925 2208 1154 2293 providendum
1169 2229 1220 2285 ne,
1237 2229 1316 2292 quos
1339 2206 1387 2271 ita
1410 2205 1545 2269 afflictos

341 2326 362 2368 a
375 2303 491 2367 vestris
505 2303 649 2388 patribus
662 2305 899 2390 majoribusque
917 2306 1122 2391 accepissetis
1137 2313 1174 2372 ut
1189 2304 1413 2371 contemnendi
1426 2310 1544 2378 essent,

341 2421 398 2466 eos
411 2402 614 2487 pertimuisse
629 2409 663 2467 et
677 2423 786 2466 eorum
800 2402 895 2466 minis
909 2411 943 2468 et
962 2411 1085 2469 terrore
1101 2403 1252 2468 commoti
1266 2425 1336 2468 esse
1351 2401 1544 2467 videremini.

343 2498 439 2562 Nunc
462 2521 537 2562 vero
559 2521 655 2585 quum
678 2500 784 2564 hedat
806 2522 899 2564 nemo
922 2503 1033 2578 bonus,
1049 2503 1182 2566 laudent
1204 2523 1315 2565 omnes
1338 2500 1436 2566 vestri
1460 2499 1546 2564 cives
1623 2569 1628 2583 .

325 2604 440 2683 atque
455 2596 554 2670 socii;
579 2605 766 2684 oppugnent
789 2597 811 2662 ii
830 2599 884 2685 qui
903 2598 1089 2685 saepissime
1111 2601 1193 2665 benc
1216 2599 1328 2664 urbem
1352 2605 1387 2663 et
1408 2599 1469 2663 boc
1489 2596 1546 2660 im·

343 2695 468 2780 perium
483 2703 730 2782 oppugnarunt;
754 2720 914 2783 quumque
930 2698 1047 2762 inimici
1065 2699 1113 2761 M.
1130 2697 1260 2762 Fonteii
1274 2697 1364 2762 vobis
1378 2719 1416 2761 ac
1430 2696 1546 2783 populo

344 2793 489 2857 Romano
503 2792 673 2868 minentur,
688 2795 782 2859 amici
797 2818 835 2860 ac
849 2796 1017 2882 propinqui
1031 2796 1210 2881 supplicent
1226 2795 1335 2869 vobis;
1360 2794 1547 2860 dubitabitis

343 2913 407 2954 non
429 2891 525 2955 modo
543 2892 660 2957 vestris
680 2893 810 2972 civibus,
838 2894 893 2979 qui
915 2895 1052 2959 maxime
1074 2894 1175 2980 gloria
1198 2918 1237 2959 ac
1260 2896 1352 2959 laude
1376 2896 1545 2972 ducuntur,

343 3010 453 3053 verum
476 2989 574 3053 etiam
596 2990 717 3055 exteris
739 2992 922 3057 nationibus
941 3015 980 3057 ac
994 2993 1144 3078 gentibus
1158 2994 1335 3073 ostendere,
1351 3014 1408 3057 vos
1423 2992 1455 3056 in
1476 3014 1548 3057 sen·

344 3086 457 3151 tentiis
470 3086 610 3151 ferendis
633 3088 693 3152 civi
716 3110 847 3174 parcere
867 3111 964 3174 quam
985 3092 1069 3156 hosti
1093 3092 1206 3156 cedere
1229 3092 1399 3155 maluisse!
1443 3090 1547 3155 XVI.

348 3182 472 3267 Magna
485 3184 682 3250 mehercules
696 3206 819 3263 caussa,
832 3186 966 3269 judices,
983 3189 1192 3254 absolutionis
1208 3212 1281 3253 cum
1296 3189 1411 3253 ceteris
1426 3189 1549 3253 caussis

346 3278 425 3341 haec
441 3286 501 3358 est,
518 3282 558 3343 ne
573 3302 636 3366 qua
651 3282 784 3368 insignis
798 3283 871 3347 huic
886 3284 1018 3370 imperio
1040 3288 1164 3352 macula
1181 3296 1279 3374 atque
1294 3286 1465 3373 ignominia
1479 3308 1548 3351 sus·

346 3374 491 3459 cipiatnr‚
510 3377 537 3441 si
562 3378 622 3442 hoc
644 3379 692 3443 ita
713 3379 871 3464 perlatum
894 3382 955 3447 erit
973 3382 1006 3447 in
1030 3384 1175 3463 Galliam,
1199 3394 1345 3451 senatum
1364 3386 1548 3471 equitesque

346 3472 454 3556 populi
470 3473 605 3537 Romani
619 3497 683 3539 non
697 3477 889 3543 testimoniis
905 3480 1078 3559 Gallorum,
1094 3483 1151 3545 sed
1170 3484 1264 3547 minis
1278 3492 1464 3563 commotos,
1480 3504 1549 3546 rem

346 3566 388 3631 ad
403 3568 528 3634 illorum
542 3570 704 3637 libidinem
715 3574 889 3659 judicasse.
935 3578 987 3642 lta
1003 3601 1085 3655 vero,
1103 3580 1130 3643 si
1145 3580 1188 3645 illi
1204 3581 1320 3647 bellum
1335 3582 1439 3647 lacere
1454 3602 1549 3645 cona-

346 3667 475 3748 buntur,
492 3670 679 3737 excitandus
693 3674 786 3739 nobis
800 3675 862 3741 erit
876 3677 918 3740 ab
932 3676 1040 3742 inseris
1055 3678 1091 3743 O.
1109 3678 1242 3758 Marius,
1259 3681 1312 3768 qui
1329 3680 1548 3745 Indutiomaro

382 3918 422 3966 lb.
438 3922 537 3980 nyctos
548 3920 720 3985 trocaloaque]
755 3922 932 3986 The‘aagom’
999 3926 1127 3989 convictis]
1158 3928 1301 3976 ‘convictis'
1321 3928 1352 3975 V.
1379 3924 1549 3975 ‘coniunctus'

347 3998 397 4030 vvaa
416 3982 457 4030 tho
471 3984 565 4031 Roman
585 3985 693 4034 soldier'a
703 3988 781 4045 cloala,
792 3988 838 4037 bnt
848 3990 932 4039 (bomo
966 3989 991 4038 S.
1010 3992 1156 4048 ‘convictum
1175 3993 1260 4041 Lamb.
1273 3994 1349 4041 Orelli
1365 4008 1421 4041 cum
1440 3992 1479 4039 ad.
1499 3992 1550 4039 Vs-

351 4048 933 4167 ltttltmttfflwffit
962 4056 1551 4180 rulsutlusuuututu

346 4192 410 4223 wera
428 4191 494 4224 worn
513 4177 673 4238 bythos-ni
689 4180 738 4228 and
755 4181 788 4242 by
798 4183 869 4230 other
888 4198 931 4231 na·
966 4184 1040 4232 MSS.
1078 4184 1135 4248 (See
1154 4187 1211 4236 Vol.
1231 4188 1252 4236 l.
1269 4188 1338 4235 Verr.
1359 4188 1414 4235 Act.
1435 4187 1457 4234 l.
1475 4202 1496 4234 c.
1512 4185 1550 4247 4.)

348 4242 421 4288 tione„
455 4241 506 4317 But
522 4242 565 4289 tha
584 4244 689 4319 voculis
711 4246 828 4309 probably
847 4248 932 4306 Celtic,
965 4250 1550 4313 'rbereading‘convictua’ismanilaatlyfalso,

347 4304 396 4351 and
415 4320 451 4352 vva
467 4306 517 4353 atrll
538 4307 598 4355 hara
617 4314 645 4356 rt.
677 4309 731 4357 'l'bo
749 4310 856 4360 Romana
872 4327 933 4361 once
966 4314 1097 4362 forCicero
1109 4316 1204 4363 intends
1221 4324 1247 4365 to
1267 4332 1308 4378 say
1320 4316 1456 4376 something
1466 4316 1493 4362 ol
1507 4315 1551 4362 tha

348 4369 425 4415 called
435 4369 478 4417 the
487 4372 559 4418 south
570 4373 664 4435 partos
677 4374 755 4423 Gallis
766 4375 798 4438 by
808 4377 851 4425 the
861 4393 933 4425 name
967 4380 1154 4440 ‘magistratus'
1174 4382 1251 4429 which
1273 4382 1333 4429 shall
1355 4380 1501 4441 correspond
1523 4384 1551 4427 to

348 4431 452 4479 Bracata
468 4449 497 4481 or
516 4436 638 4493 Bnooeta.
657 4438 759 4489 liccam
776 4442 820 4489 tha
839 4444 933 4491 nativas
966 4445 1047 4505 ‘turpi
1058 4444 1225 4503 adolescentia,
1237 4447 1286 4493 rita
1297 4444 1397 4493 infami!

348 4497 591 4573 voroltbs‘braoaess
616 4503 933 4559 'l'biavvaaastervvardsthe
1000 4509 1038 4557 ld.
1069 4510 1095 4557 C.
1118 4510 1240 4569 Morta]
1276 4510 1316 4559 Ha
1335 4510 1389 4557 who
1410 4522 1459 4557 was
1477 4522 1552 4556 aaran

349 4560 481 4612 varnua.
965 4572 1037 4621 omae
1059 4574 1150 4633 consul,
1162 4575 1216 4624 vrbo
1235 4574 1345 4624 defeated
1364 4574 1407 4622 tha
1427 4572 1552 4623 Teutones
