3517 5325
351 488 415 555 176
673 487 807 552 ORAT.
831 487 923 552 PRO
952 487 1001 550 M.
1025 487 1230 553 FONTEIO

350 678 413 743 qua
428 655 480 720 illa
494 655 657 741 provincia
671 679 769 743 prope
784 678 874 720 suam
895 657 1128 722 immunitatem
1149 677 1187 721 ac
1209 657 1391 722 libertatem
1413 659 1551 743 positam

349 776 419 818 esse
433 755 617 818 arbitratur.

392 839 447 902 An
462 838 490 902 si
505 838 647 902 homines
661 838 748 934 ipsos
761 846 907 923 spectare
923 838 1080 916 convenit,
1097 839 1130 902 id
1147 840 1232 924 quod
1250 839 1283 902 in
1304 846 1389 904 teste
1403 842 1549 925 profecto

347 935 450 998 valere
473 933 641 1019 plurimum
665 935 772 1011 debet,
797 959 861 1000 non
887 937 981 1000 modo
1004 957 1076 1000 cum
1101 936 1234 1000 summis
1257 937 1395 1001 civitatis
1419 947 1548 1002 nostrae

347 1032 431 1111 viris,
448 1033 506 1095 sed
525 1053 600 1098 cum
621 1032 729 1096 infimo
752 1033 821 1097 cive
837 1033 983 1097 Romano
1007 1033 1173 1117 quisquam
1194 1033 1408 1118 amplissimus
1425 1036 1547 1100 Galliae

347 1129 577 1214 comparandus
591 1130 661 1193 est?
698 1129 769 1194 Scit
785 1131 1023 1194 Indutiomarus
1038 1129 1114 1214 quid
1128 1130 1171 1194 sit
1185 1131 1405 1195 testimonium
1419 1133 1548 1200 dicere!

345 1235 491 1291 movetur
505 1247 543 1289 eo
558 1226 749 1312 timoreque
764 1235 909 1292 nostrum
930 1249 1013 1291 unus
1035 1227 1176 1312 quisque,
1193 1249 1290 1312 quum
1305 1228 1337 1290 in
1353 1251 1425 1292 eum
1439 1229 1545 1294 locum

344 1324 520 1408 productus
534 1324 607 1388 est!
644 1323 751 1388 XIII.
768 1325 1001 1400 Recordamini,
1014 1325 1148 1407 judices,
1160 1332 1278 1408 quanto
1291 1347 1386 1409 opere
1400 1325 1544 1391 laborare

344 1421 474 1485 soleatis
495 1443 559 1484 non
582 1421 677 1484 modo
701 1421 778 1505 quid
801 1421 916 1486 dicatis
940 1443 997 1506 pro
1021 1421 1214 1498 testimonio,
1231 1422 1288 1485 sed
1312 1422 1409 1485 etiam
1429 1424 1543 1508 quibus

343 1518 448 1581 verbis
463 1517 606 1594 utamini,
618 1519 753 1603 nequod
767 1519 872 1581 miuus
886 1519 1049 1582 moderate
1063 1518 1212 1602 positum,
1229 1541 1269 1582 ne
1283 1519 1368 1603 quod
1382 1520 1422 1582 ab
1437 1520 1543 1604 aliqua

343 1613 518 1699 cupiditate
533 1613 716 1698 prolapsum
727 1617 857 1678 verbum
871 1637 942 1679 esse
956 1615 1117 1678 videatur:
1137 1615 1224 1679 vultu
1241 1615 1375 1700 denique
1389 1617 1542 1682 laboratis

342 1732 383 1773 ne
398 1731 460 1794 qua
474 1710 647 1793 significari
661 1712 764 1796 possit
782 1711 922 1797 suspicio
943 1711 1148 1797 cupiditatis;
1173 1719 1211 1776 ut
1230 1721 1264 1777 et
1284 1735 1379 1798 quum
1395 1714 1540 1796 proditis,

342 1806 536 1870 existimatio
559 1807 605 1870 sit
627 1808 783 1892 quaedam
805 1809 908 1872 tacita
930 1809 969 1872 de
993 1808 1082 1873 vobis
1106 1809 1235 1893 pudoris
1258 1831 1297 1873 ac
1320 1809 1489 1894 religionis,
1506 1821 1541 1875 et

342 1925 440 1986 quum
468 1902 642 1980 disceditis,
673 1926 711 1968 ea
739 1905 908 1988 diligenter
937 1914 1126 1970 conservata
1158 1927 1197 1969 ac
1230 1914 1356 1970 retenta
1385 1907 1538 1972 videatur.

342 1999 445 2064 Oredo
460 1999 538 2064 haec
560 2001 671 2065 eadem
689 2001 942 2066 Indutiomarum
964 2004 997 2066 in
1017 2003 1201 2067 testimonio
1223 2003 1367 2067 tImuisse
1381 2011 1440 2068 aut
1454 2005 1539 2089 cogi-

341 2096 482 2169 tavisse;
507 2098 560 2182 qui
582 2098 719 2182 primum
740 2100 817 2162 illud
832 2101 963 2164 verbum
983 2100 1305 2165 consideratissimum
1321 2109 1449 2166 nostrae
1464 2123 1538 2164 con-

340 2194 526 2271 suetudinis,
543 2216 727 2273 araturos,
745 2218 808 2280 quo
823 2219 882 2260 nos
896 2197 991 2261 etiam
1006 2205 1084 2261 tunc
1101 2197 1219 2260 utimur
1241 2219 1338 2282 quum
1352 2218 1391 2261 ea
1405 2198 1538 2262 dicimus

336 2291 447 2375 jurati,
465 2313 545 2376 quae
569 2299 733 2376 comperta
756 2294 918 2370 habemuS,
938 2315 1019 2378 quae
1041 2293 1101 2378 ipsi
1125 2293 1269 2364 vidimus.
1294 2315 1334 2356 ex
1355 2301 1424 2357 toto
1446 2294 1537 2358 testi-

339 2389 446 2452 mouio
470 2411 528 2454 suo
553 2383 684 2453 sustulit
701 2397 805 2475 ⁴atque
824 2391 930 2454 omnia
954 2413 989 2454 se
1009 2391 1091 2455 scire
1118 2391 1207 2455 dixit.
1254 2390 1435 2454 Verebatur
1455 2391 1539 2454 enlm

339 2485 486 2550 videlicet
500 2508 540 2550 ue
554 2487 630 2572 quid
644 2488 731 2572 apud
744 2510 801 2552 vos
815 2488 1027 2574 populumque
1044 2487 1223 2550 Romanum
1245 2488 1284 2551 de
1304 2487 1538 2552 existimatione

338 2605 397 2646 sua
411 2584 608 2669 deperderet,
619 2606 659 2648 ne
673 2584 830 2670 qua‘l'ama
840 2593 1086 2670 consequeretur
1096 2585 1261 2670 ejusmodI,
1274 2584 1535 2662 Indutiomarum,

338 2682 435 2746 talem
449 2682 559 2757 virum,
575 2690 643 2748 tam
659 2684 782 2768 cupide,
798 2692 866 2749 tam
880 2692 1001 2749 temere
1016 2683 1143 2747 dixisse.
1190 2683 1263 2747 Non
1285 2682 1482 2769 intelligebat
1501 2704 1536 2747 se

338 2778 371 2842 in
385 2779 569 2843 testimonio
582 2781 660 2843 nibil
675 2789 803 2866 praeter
818 2804 927 2845 vocem
950 2788 993 2845 et·
1004 2802 1040 2844 os
1061 2788 1095 2844 et
1116 2781 1281 2844 audaciam
1300 2802 1401 2865 neque
1416 2780 1536 2845 ciribus

338 2876 405 2939 suis
419 2898 519 2962 neque
534 2878 775 2942 accusatoribus
794 2880 913 2942 nostris
933 2885 1096 2964 praestare
1116 2879 1239 2942 debere.
1284 2879 1338 2941 An
1360 2900 1434 2942 vero
1456 2878 1536 2943 Istas

338 2976 485 3040 nationes
507 2976 659 3061 religione
681 2976 887 3061 jurisjurandi
916 2998 954 3039 ac
978 2983 1066 3039 metu
1092 2975 1222 3038 deorum
1251 2975 1473 3039 immortalium
1503 2976 1536 3039 in

337 3074 529 3138 testimoniis
553 3074 697 3137 dicendis
720 3072 911 3137 commoveri
933 3072 1141 3147 arbitramini,
1160 3094 1241 3157 quae
1261 3080 1387 3137 tantum
1409 3095 1429 3136 a
1451 3082 1535 3137 cete-

337 3192 443 3234 rarum
468 3172 613 3255 gentium
638 3192 727 3233 more
750 3191 788 3232 ac
813 3177 930 3232 natura
959 3170 1173 3233 dissentiunt!
1207 3170 1291 3255 quod
1322 3178 1448 3234 ceterae
1476 3192 1535 3255 pro

335 3267 539 3349 religionibus
558 3268 625 3331 suis
648 3266 730 3330 bella
750 3266 939 3351 suscipiunt,
954 3266 1035 3331 istae
1050 3274 1163 3331 contra
1185 3267 1324 3330 omnium
1348 3266 1532 3350 religiones:

335 3362 407 3424 illae
418 3363 450 3424 in
461 3364 550 3426 bellis
561 3363 709 3449 gerendis
722 3363 764 3425 ab
776 3363 836 3425 diis
850 3364 1079 3427 immortalibus
1094 3386 1205 3449 pacem
1219 3385 1257 3427 ac
1272 3364 1394 3427 veniam
1409 3370 1533 3449 petunt,

334 3458 417 3521 istae
431 3480 503 3522 cum
514 3460 596 3543 ,ipsis
610 3459 671 3522 diis
684 3459 915 3525 immortalibus
930 3460 1011 3523 bella
1024 3468 1200 3546 gesserunt.
1246 3460 1348 3524 XIV.
1371 3460 1444 3523 Hae
1459 3469 1535 3523 suut

334 3555 488 3635 nationes,
506 3578 587 3642 quae
602 3557 762 3642 quondam
776 3563 843 3620 tam
860 3557 955 3642 longe
977 3558 1017 3620 ab
1039 3557 1105 3621 suis
1126 3556 1254 3621 sedibus
1270 3556 1412 3642 Delphos
1432 3578 1534 3642 usque

365 3776 561 3839 Indutr'omarru]
581 3776 621 3825 He
631 3777 651 3825 is
662 3776 738 3825 called
749 3776 782 3841 (c.
793 3776 837 3864 21)
854 3778 918 3826 ‘dux
950 3776 1054 3840 Europe,
1066 3778 1131 3835 mia,
1146 3777 1193 3825 aud
1208 3776 1289 3825 Africa
1304 3776 1365 3823 bare
1375 3776 1437 3825 been
1447 3776 1534 3825 visited

332 3840 490 3901 Allobrogum
501 3847 682 3903 oeterorumque
692 3841 824 3889 Gallorum.
865 3842 918 3889 Tha
950 3843 1012 3889 from
1023 3844 1082 3890 tinne
1093 3842 1250 3889 immamorial
1263 3841 1295 3902 by
1306 3841 1354 3888 this
1365 3842 1460 3887 warlilra
1470 3856 1533 3889 rane.

332 3918 496 3952 mucosum
506 3906 532 3952 in
541 3906 629 3953 Caesar
637 3906 677 3965 (B.
686 3906 716 3953 G.
724 3922 746 3953 v.
755 3906 790 3970 3).
808 3906 917 3955 Caesu’s
947 3906 1001 3953 'l'he
1012 3906 1091 3953 attaclr
1103 3920 1134 3953 on
1146 3905 1235 3967 Delphi
1243 3920 1291 3952 was
1302 3904 1371 3953 made
1381 3904 1413 3965 by
1422 3905 1533 3953 Brennus

332 3966 512 4016 Indutiomarus
523 3984 571 4015 was
580 3984 597 4016 a
606 3969 697 4017 move.
948 3970 996 4017 and
1007 3970 1044 4017 his
1056 3970 1119 4018 Galli
1129 3968 1203 4017 about
1219 3983 1268 4016 nc.
1281 3970 1336 4024 ⁸279.
1369 3968 1422 4015 Tus
1435 3974 1500 4030 story
1512 3970 1533 4016 Is

367 4032 403 4079 111
422 4032 553 4093 arbitron]
574 4034 618 4081 Sea
635 4034 677 4081 the
691 4037 790 4081 uoteou
808 4033 914 4089 ‘rideri‚’
948 4034 1000 4080 told
1021 4032 1053 4095 by
1076 4034 1203 4081 &nasutas
1223 4032 1258 4096 (x.
1275 4032 1319 4095 22)
1336 4032 1385 4080 and
1401 4032 1433 4095 by
1449 4032 1534 4081 sustin

330 4093 648 4154 Vol.l.Verr.ii.2.c.38;
666 4097 916 4154 emereamur».
951 4096 1073 4160 (nint).
1237 4150 1241 4159 ¹

363 4158 429 4218 qaod
445 4160 551 4221 ceterae]
581 4161 654 4208 llalm
673 4176 751 4208 warns
773 4177 801 4208 us
823 4162 916 4221 against
981 4161 1033 4208 Ibe
1044 4159 1268 4222 ceptursoIRome
1278 4159 1311 4220 by
1321 4158 1362 4207 the
1374 4158 1461 4206 Italian
1469 4160 1533 4207 Galli

329 4222 461 4283 preferriug
473 4224 584 4276 ‘Quum’
598 4230 624 4271 to
638 4225 742 4276 ‘Quod’
776 4226 878 4277 ‘Quod’
895 4224 916 4271 is
950 4222 1014 4286 (no.
1027 4224 1085 4285 390)
1097 4225 1117 4271 is
1135 4239 1182 4271 one
1197 4224 1225 4271 ol
1239 4223 1280 4269 the
1292 4224 1437 4271 memorable
1448 4230 1532 4271 events

329 4286 371 4332 the
392 4286 497 4343 relat-ire,
515 4289 634 4349 goverued
653 4289 685 4350 by
704 4289 868 4350 ‘suscipiunt’
888 4303 914 4335 as
948 4289 972 4334 ln
984 4288 1026 4335 the
1037 4290 1101 4349 early
1112 4288 1202 4349 history
1214 4288 1243 4335 ol
1257 4287 1298 4333 the
1310 4288 1417 4334 Romam
1430 4288 1494 4347 (liv.
1506 4302 1530 4333 v.

328 4350 371 4396 the
381 4351 467 4410 phrase
478 4352 506 4408 is,
523 4353 571 4399 and
588 4351 683 4400 ‘balla'
699 4354 787 4414 merely
803 4353 912 4413 explains
945 4351 1062 4414 33,&c.).
1097 4352 1180 4399 Cicero
1195 4351 1340 4413 speskslils
1357 4366 1372 4397 a
1392 4352 1486 4397 Roman
1504 4351 1533 4397 os

328 4413 372 4459 the
383 4420 390 4440 ⁴
400 4414 489 4465 Quod!
795 4446 804 4459 .
944 4416 986 4462 the
1008 4416 1129 4463 character
1150 4414 1179 4462 of
1196 4431 1211 4462 a
1230 4416 1316 4476 people
1334 4414 1389 4461 who
1407 4430 1468 4461 were
1485 4415 1530 4461 tha

363 4478 400 4527 14.
417 4480 537 4542 Debitor]
561 4480 615 4528 The
633 4480 701 4529 Galli
715 4480 776 4527 hara
791 4479 852 4527 baeu
869 4480 912 4527 the
945 4485 1009 4527 most
1019 4479 1159 4527 lormidable
1169 4480 1275 4527 euamier
1294 4478 1348 4526 that
1366 4479 1407 4525 tha
1420 4478 1529 4527 Romam

326 4548 431 4601 paret
463 4545 599 4592 marauders
629 4544 717 4591 known
749 4549 776 4591 to
808 4544 908 4605 history.
942 4558 997 4591 aver
1016 4543 1183 4592 eneouutered.
1216 4542 1269 4591 Tha
1281 4542 1344 4591 Galli
1363 4543 1478 4603 certainly
1488 4549 1528 4591 set
