3517 5325
576 487 799 555 AMERINO
823 490 926 558 OAP.
949 495 1088 558 22-25.
1393 497 1435 566 77

226 659 395 738 miserunt,
411 679 476 722 non
489 658 584 723 modo
597 659 666 725 sine
680 681 757 726 cura
770 661 932 748 quiescere
947 664 1004 727 sed
1026 685 1066 728 ne
1087 663 1206 750 spirare
1225 663 1352 750 quidem
1366 665 1434 732 sine

228 767 318 822 metu
332 757 467 842 possint.

275 854 419 920 XXIV.
443 853 613 918 Videtisne
637 877 718 941 quos
742 857 835 921 nobis
855 865 971 943 poetae
995 859 1195 924 tradiderunt
1217 861 1319 946 patris
1340 861 1434 926 uleis-

229 953 324 1017 cendi
352 974 466 1016 caussa
493 951 681 1037 supplicium
709 954 749 1018 de
777 961 882 1019 matre
911 957 1093 1041 sumpsisse,
1123 980 1219 1043 quum
1247 959 1435 1045 praesertim

230 1049 375 1114 Deorum
404 1049 629 1114 immortalium
658 1051 757 1135 jussis
785 1059 883 1137 atque
912 1055 1047 1118 oraculis
1075 1055 1108 1118 id
1136 1056 1248 1120 iecisse
1278 1057 1433 1134 dieantur,

229 1157 340 1213 tomen
363 1155 401 1212 ut
424 1168 479 1212 eos
502 1147 628 1232 agitent
647 1149 749 1214 iuriae
770 1171 875 1236 neque
894 1153 1066 1216 consistere
1089 1175 1222 1240 usquam
1245 1154 1432 1239 patiantur;

230 1246 318 1331 quod
331 1269 372 1309 ne
385 1244 430 1331 pii
444 1244 573 1330 quidem
586 1245 655 1310 sine
673 1248 792 1312 scelere
814 1270 885 1313 esse
902 1251 1095 1334 potuerunt!
1140 1251 1193 1314 Sic
1208 1273 1243 1314 se
1258 1273 1310 1315 res
1327 1253 1434 1328 habet,

226 1343 364 1429 judiees.
411 1342 565 1428 Magnam
589 1343 662 1423 vim,
689 1367 839 1431 magnam
861 1346 1095 1423 necessitatem,
1122 1369 1270 1433 magnam
1292 1349 1436 1434 possidet

229 1441 416 1527 religionem
437 1448 590 1525 patemus
612 1448 836 1527 maternusque
857 1442 1007 1528 sanguis;
1040 1465 1080 1507 ex
1100 1465 1162 1529 quo
1180 1445 1207 1508 si
1231 1467 1293 1530 qua
1312 1447 1437 1510 macula

231 1549 389 1626 concepta
402 1547 463 1616 est,
479 1561 543 1603 non
557 1540 653 1604 modo
667 1540 729 1603 elui
743 1562 808 1604 non
829 1548 946 1626 potest,
962 1562 1070 1604 verum
1092 1564 1191 1626 usque
1213 1565 1251 1606 eo
1271 1551 1437 1628 permanat
1549 1623 1555 1628 Ι

230 1640 273 1704 ad
292 1638 433 1702 animum
451 1645 489 1702 ut
507 1659 650 1701 summus
670 1637 758 1702 furor
779 1645 878 1722 atque
898 1637 1038 1702 amentis
1062 1648 1282 1724 consequatur.
1329 1641 1436 1706 Nolite

232 1737 319 1801 enim
332 1743 456 1821 putare,
472 1735 737 1820 quemadmodum
751 1735 784 1798 in
806 1735 921 1799 fabulis
935 1757 1159 1820 saepenumero
1173 1737 1296 1810 videtis,
1313 1759 1368 1803 eos
1383 1739 1436 1824 qui

231 1834 351 1920 aliquid
366 1833 460 1919 impie
474 1833 694 1917 scelerateque
709 1832 935 1906 commiserint,
951 1833 1065 1920 agitari
1073 1813 1118 1899 'et
1139 1836 1310 1920 perterreri
1325 1835 1436 1900 Furia-

232 1955 305 1996 rum
319 1933 424 1996 taedis
437 1931 632 1994 ardentibus.
678 1930 745 1994 Sua
758 1952 915 2015 quemque
929 1929 1015 1994 fraus
1038 1939 1072 1996 et
1090 1955 1167 1996 suits
1182 1940 1289 1998 terror
1300 1934 1437 1998 maxime

232 2036 349 2103 vexat;
373 2051 466 2093 suum
480 2050 635 2114 quemque
650 2027 754 2092 scelus
767 2027 872 2113 agitat
885 2027 1086 2114 amentiaque
1100 2031 1220 2105 afficit;
1245 2053 1321 2096 suae
1336 2032 1437 2096 malae

234 2128 447 2214 cogitationes
482 2125 756 2209 conscientiaeque
792 2125 889 2190 animi
925 2133 1057 2190 terrent.
1118 2126 1192 2192 Hae
1226 2135 1303 2194 sunt
1332 2129 1438 2214 impiis

233 2226 381 2290 assiduae
409 2224 664 2308 domesticaeque
694 2223 823 2300 Furiae,
853 2243 935 2308 quae
964 2223 1031 2288 dies
1060 2232 1234 2310 noctesque
1267 2234 1437 2310 parentum

235 2345 353 2408 poenas
366 2345 386 2388 a
400 2321 712 2388 consceleratissimis
733 2321 806 2386 liliis
824 2328 982 2406 repetant.
1031 2321 1123 2388 Haec
1141 2323 1327 2408 magnitudo
1342 2323 1437 2386 male·

234 2421 298 2484 ficii
313 2420 390 2486 iacit
403 2428 450 2497 ut,
462 2419 523 2483 nisi
537 2441 638 2504 paene
651 2418 854 2484 manifestum
868 2419 1069 2504 parricidium
1083 2419 1271 2505 proferatur,
1288 2419 1438 2484 credibile

233 2540 299 2582 non
312 2517 437 2596 sitnisi
451 2517 555 2602 turpis
564 2516 788 2590 adolescentia,
800 2515 862 2579 nisi
877 2516 1023 2580 omnibus
1037 2516 1168 2602 flagitiis
1183 2516 1249 2579 vita
1263 2515 1436 2601 inquinata,

233 2615 297 2681 nisi
309 2623 458 2701 sumptus
473 2613 565 2678 ell'usi
579 2635 653 2678 cum
670 2615 787 2700 probro
804 2620 901 2699 atque
921 2614 1083 2691 dedecore,
1100 2614 1159 2679 nisi
1175 2620 1328 2700 prorupta
1342 2614 1438 2679 auda-

234 2714 294 2791 cia,
309 2714 371 2776 nisi
385 2719 479 2777 tanta
492 2711 658 2775 temeritas
672 2717 709 2775 ut
719 2732 783 2773 non
793 2709 904 2795 procul
918 2710 1089 2775 abhorreat
1102 2712 1143 2775 ab
1158 2711 1289 2775 insanio.
1334 2711 1438 2777 Acce·

234 2812 293 2875 dat
315 2812 377 2873 huc
400 2815 530 2894 oportet
550 2807 657 2871 odium
678 2807 830 2892 parentis,
850 2806 1127 2872 animadversionis
1148 2815 1300 2895 pateruae
1322 2816 1436 2887 metus,

234 2907 330 2972 amici
358 2904 502 2990 improbi,
532 2903 615 2968 servi
644 2902 772 2979 conscii,
802 2909 930 2988 tempus
958 2902 1114 2984 idoneum,
1142 2904 1232 2969 locus
1260 2912 1439 2991 opportune

234 3012 350 3090 captus
363 3005 405 3067 ad
416 3024 487 3067 eom
501 3023 587 3077 rem;
612 3022 713 3086 paene
723 3000 836 3079 dicam,
846 3022 1007 3086 respersas
1017 3023 1129 3066 manus
1139 3002 1293 3087 sanguine
1304 3009 1438 3087 paterno

230 3103 358 3188 judices
372 3100 500 3165 videant
522 3106 660 3184 oportet,
675 3097 703 3161 si
718 3106 846 3164 tautum
866 3098 999 3177 lacinus,
1024 3106 1092 3165 tam
1106 3100 1251 3175 immane,
1268 3107 1334 3165 tam
1349 3122 1437 3165 acer·

236 3202 311 3265 bum
326 3198 480 3264 credituri
492 3204 579 3261 sunt.
624 3196 729 3277 Quare
743 3196 804 3261 hoc
819 3218 881 3281 quo
896 3198 999 3261 minus
1021 3204 1072 3261 est
1092 3198 1242 3262 credibile
1255 3197 1316 3261 nisi
1331 3205 1437 3263 osten-

236 3296 331 3374 ditur,
353 3318 392 3360 eo
414 3294 517 3380 magis
538 3300 598 3371 est,
621 3293 649 3357 si
671 3293 877 3371 convincitur,
902 3294 1131 3360 vindicandum.
1177 3295 1299 3361 XXV.
1323 3296 1438 3383 ltaque

236 3416 334 3481 quum
346 3392 456 3457 multis
478 3414 519 3456 ex
541 3392 637 3456 rebus
661 3390 795 3477 intelligi
819 3398 928 3477 potest
950 3392 1087 3477 majores
1109 3399 1236 3457 nostros
1254 3416 1319 3458 non
1342 3394 1437 3459 modo

270 3626 311 3673 at
326 3625 462 3687 Videtisne]
482 3621 708 3686 ‘Don’tyousest'
720 3622 766 3671 See
776 3622 824 3671 Pro
855 3621 945 3684 electis,
956 3624 975 3672 rb
986 3621 1126 3685 Ἀθηναῖοι,
1145 3622 1192 3683 rdc
1210 3628 1262 3675 τῶν
1273 3622 1438 3686 ἀδικημάτων

238 3689 267 3737 Ρ.
280 3686 823 3751 Quintio‚c2⁰.—‘postsetradiderunt:’he
855 3686 949 3750 ἀρχᾰς,
969 3690 1111 3737 tro-‘elui
1130 3704 1179 3737 nou
1198 3690 1302 3751 potestr’
1321 3690 1371 3737 ‘lui
1388 3704 1438 3737 nou

237 3754 330 3801 euodes
340 3760 366 3802 to
377 3754 419 3801 the
429 3759 495 3814 story
509 3753 538 3801 ot
552 3752 658 3810 Orestes,
675 3767 701 3799 ss
712 3766 748 3799 we
763 3752 823 3799 hare
854 3752 952 3813 potest'
966 3753 1047 3800 Klots.

237 3818 432 3881 itinAssehylus
440 3816 733 3879 sndinEuripides,who,
744 3822 770 3863 st
780 3816 823 3864 the
882 3817 947 3876 filiis
963 3817 1095 3877 repetent]
1119 3816 1207 3864 Schiits
1219 3816 1344 3877 suspected
1354 3816 1409 3863 that
1418 3816 1440 3863 it

237 3882 338 3944 biddiug
355 3882 384 3930 of
399 3882 441 3929 the
462 3882 511 3943 god
529 3880 557 3928 oi
576 3881 672 3943 Delphi,
692 3881 766 3927 killed
784 3881 822 3928 his
855 3878 1139 3941 shouldbe'repetunt3'
1155 3880 1313 3941 sndpcrhaps
1323 3880 1343 3925 it
1351 3878 1439 3925 should

237 3947 332 3994 mother
347 3954 374 3994 ιο
391 3960 481 4007 arengo
498 3946 535 3992 his
551 3945 637 3999 father,
655 3945 703 3991 and
721 3944 823 3992 suffered
854 3942 893 3989 be.
926 3942 979 3989 The
990 3943 1140 4003 subjunctive
1155 3944 1176 3989 is
1190 3943 1338 4003 intelligible,
1356 3942 1401 3989 but
1419 3943 1440 3988 it

237 4010 468 4058 iorhisobedienoe.
504 4010 544 4057 Hs
553 4010 623 4056 could
634 4010 720 4056 nothe
736 4009 822 4070 ‘pius'
855 4006 913 4054 does
929 4012 973 4053 not
983 4020 1088 4067 express.
1106 4006 1154 4053 lile
1173 4004 1316 4068 ‘repetunt’
1333 4006 1375 4053 the
1391 4006 1440 4053 lact

236 4076 325 4123 dudiul
335 4081 362 4123 to
374 4076 410 4122 his
421 4075 507 4130 father,
518 4074 620 4120 without
629 4074 752 4133 incurring
762 4074 823 4133 guilt
854 4071 908 4119 that
918 4070 961 4117 tbs
972 4070 1054 4117 Fmies
1065 4070 1096 4118 do
1107 4071 1176 4131 night
1186 4070 1234 4117 and
1243 4070 1288 4131 day
1299 4076 1368 4117 exact
1381 4084 1439 4117 ven·

237 4138 366 4201 byhilling
383 4140 421 4186 his
439 4139 541 4185 mother.
574 4137 628 4183 The
647 4137 777 4184 ‘Fabulae'
796 4136 825 4184 oi
854 4150 950 4197 geenes.
983 4134 1009 4182 It'
1017 4136 1068 4183 itis
1082 4135 1124 4181 the
1135 4134 1292 4195 subiunctive,
1303 4134 1346 4181 the
1357 4149 1439 4181 mean·

237 4204 316 4267 phieh
335 4204 420 4251 Cicero
445 4200 583 4249 seersum
611 4201 697 4262 spreaks
718 4216 759 4247 sre
779 4201 822 4248 the
853 4200 932 4261 iugis
953 4196 1323 4261 ‘Furiaequse...repetsut,'
1341 4199 1439 4246 ‘Furios

237 4268 313 4331 plays,
330 4269 389 4315 such
399 4282 426 4315 as
436 4267 480 4314 the
490 4264 636 4313 Eumenides
644 4264 672 4312 oi
680 4265 820 4326 Aeschylus.
853 4266 936 4311 whose
947 4264 1015 4311 office
1026 4264 1045 4311 it
1056 4264 1076 4311 is
1088 4272 1114 4311 to
1125 4262 1210 4310 eract’

238 4332 312 4380 Klotz
332 4347 458 4394 supposes,
476 4346 503 4377 ss
519 4330 562 4376 the
580 4329 620 4375 old
638 4334 823 4375 commentatore
888 4331 909 4376 ri
932 4328 1105 4389 monimum]
1131 4327 1168 4375 ‘it
1183 4328 1203 4374 it
1219 4328 1240 4373 is
1254 4324 1360 4389 proved!
1395 4326 1440 4375 See

237 4397 286 4452 did,
298 4398 353 4444 that
363 4398 447 4445 Cicero
458 4396 502 4443 hss
509 4393 618 4441 imitated
629 4394 655 4440 in
665 4392 714 4439 this
725 4406 824 4453 passage
855 4392 911 4439 Vol.
924 4392 945 4439 l.
957 4392 1026 4439 Verr.
1038 4394 1093 4440 Act.
1105 4393 1121 4439 i.
1133 4408 1154 4439 c.
1167 4394 1191 4450 d,
1199 4392 1247 4439 and
1259 4392 1305 4439 Pro
1318 4392 1439 4449 Cluentio,

238 4460 258 4523 (ι
266 4462 350 4509 Nolite
360 4462 425 4509 enim
436 4459 538 4522 putere,'
548 4456 771 4521 &c.)spassageiu
781 4457 824 4504 the
856 4472 876 4504 ο
897 4459 943 4504 2³2
961 4457 1004 4503 “si
1022 4456 1156 4507 doosonon
1174 4457 1205 4505 ab
1223 4457 1304 4515 Avito,
1321 4457 1390 4505 vineo
1409 4456 1440 4504 sb

237 4527 324 4588 speech
347 4526 376 4573 ol
402 4525 534 4574 Aeschines
562 4523 656 4585 against
682 4521 824 4569 limaretur
857 4519 1019 4583 Oppianieo.”

238 4590 265 4655 (ξ
284 4593 340 4650 lot,
362 4587 461 4654 M),
480 4589 559 4637 which
580 4586 680 4651 begins:
710 4588 754 4645 hiri
775 4585 824 4651 γὰρ
