3517 5325
330 489 393 553 342
641 477 776 542 ORAT.
801 474 893 540 PRO
917 474 960 540 A.
984 471 1222 540 GLUENTIO

329 655 387 722 sed
409 652 506 718 etiam
527 645 650 713 illarum
667 649 806 733 ipsarum
827 667 932 710 rerum
951 645 1081 731 judiciis
1102 644 1243 710 absoluti
1264 649 1351 708 sunt.
1397 643 1540 707 XLIII.

332 751 499 817 Neminem
520 747 688 812 voluerunt
715 745 854 829 majores
882 744 986 808 nostri
1015 765 1079 807 non
1101 744 1196 806 modo
1226 744 1266 806 de
1298 741 1539 806 existimatione

331 849 525 933 cujusquam,
542 843 599 908 sed
624 865 665 908 ue
690 842 871 928 pecuniaria
895 842 1023 927 quidem
1043 842 1083 904 de
1103 862 1138 903 re
1152 840 1281 903 minIma
1300 861 1371 902 esse
1382 839 1536 923 judicem,

330 946 391 1008 nisi
421 943 474 1029 qui
510 943 595 1006 iuter
623 941 820 1004 adversarios
846 938 1055 1002 convenisset.
1099 939 1300 1022 Quapropter
1328 936 1361 1000 in
1389 937 1538 1001 omnibus

331 1041 464 1128 legibue,
486 1039 600 1124 quihus
623 1045 791 1121 exceptum
813 1043 864 1099 est
887 1036 926 1099 de
950 1035 1065 1120 quibus
1088 1035 1210 1114 caussis
1231 1043 1289 1099 aut
1309 1035 1537 1120 magistratum

332 1158 443 1224 capere
458 1157 521 1200 non
536 1136 631 1199 liceat
645 1143 702 1199 aut
714 1133 852 1218 judicem
868 1133 932 1218 legi
945 1142 1003 1198 aut
1016 1133 1152 1198 alterum
1173 1153 1334 1208 accusare,
1352 1133 1431 1196 haec
1446 1131 1537 1216 iguo-

318 1235 447 1300 .miniee
462 1255 575 1306 caussa
589 1231 814 1316 praetermissa
833 1237 894 1293 est.
940 1229 1076 1294 Timorie
1096 1230 1181 1294 enim
1201 1251 1355 1304 caussam,
1371 1251 1436 1292 nou
1451 1229 1537 1292 vitae

332 1353 465 1419 poenam
481 1331 514 1394 iu
528 1329 581 1394 illa
591 1336 753 1414 potestate
768 1349 839 1392 esse
853 1327 1030 1392 voluerunt.
1077 1328 1193 1412 Itaque
1203 1327 1387 1404 nouaclum,
1396 1327 1536 1410 judices,

331 1431 408 1494 illud
423 1428 591 1493 ostendam
605 1427 690 1512 quod
701 1427 769 1510 jam
784 1426 910 1502 videtis,
927 1425 1034 1511 populi
1050 1424 1188 1489 Romani
1208 1424 1368 1508 suffragiis
1381 1446 1536 1509 saepenu-

330 1549 418 1592 mero
442 1527 601 1591 ceneorias
615 1523 868 1609 subscriptiones
890 1545 963 1587 esse
988 1523 1143 1600 sublatas,
1159 1545 1269 1586 verum
1286 1522 1385 1586 etiam
1403 1521 1535 1606 judiciIs

332 1647 441 1690 eorum
455 1625 509 1709 qui
521 1623 622 1708 jurati
637 1631 780 1688 statuere
795 1623 916 1706 majore
931 1643 1005 1685 cum
1019 1621 1170 1706 religione
1184 1627 1219 1684 et
1232 1619 1398 1704 diligentia
1415 1620 1535 1683 dehue-

330 1729 417 1786 ruut.
456 1722 598 1784 Primum
610 1721 744 1804 judices,
756 1727 922 1784 senatores
931 1720 1117 1804 equitesque
1129 1718 1264 1783 Romani
1276 1718 1307 1781 iu
1319 1717 1535 1802 compluribus

327 1821 395 1904 jam
410 1818 482 1896 reis,
497 1839 577 1902 quos
587 1825 700 1881 contra
714 1818 800 1902 leges
811 1817 962 1902 pecunias
975 1817 1138 1902 accepisse
1152 1816 1369 1901 subscriptum
1378 1821 1438 1893 est,
1455 1837 1535 1879 strae

329 1917 436 2001 potius
445 1915 589 2000 religioni
601 1936 693 1999 quam
703 1935 869 1977 censorum
881 1914 1019 1998 opinioni
1029 1921 1212 1999 paruerunt.
1236 1913 1359 1978 Deinde
1369 1921 1535 1998 praetores

330 2012 451 2090 urbani,
477 2013 530 2097 qui
549 2011 649 2096 jurati
674 2012 792 2074 debent
821 2011 977 2096 optimum
1002 2034 1158 2096 quemque
1185 2012 1218 2075 in
1245 2011 1383 2076 selectos
1407 2010 1534 2094 judices

327 2111 455 2186 referre,
472 2109 532 2173 sihi
544 2131 714 2195 numquam
737 2109 779 2172 ad
803 2130 873 2172 eam
895 2097 962 2173 rem
986 2110 1163 2174 censoriam
1182 2109 1386 2195 ignominiam
1400 2107 1533 2193 impedi-

328 2217 437 2274 mento
452 2229 522 2272 esse
537 2215 685 2292 oportere
700 2207 870 2270 duxerunt.
899 2207 1056 2272 Oeneos-es
1075 2208 1209 2292 denique
1230 2207 1290 2290 ipsi
1305 2226 1533 2292 saepenumero

327 2307 526 2392 superiorum
541 2327 707 2370 censorum
726 2305 865 2389 judiciis,
888 2305 916 2368 si
939 2306 1002 2370 ista
1022 2304 1144 2390 judicia
1164 2306 1324 2390 appellare
1338 2305 1444 2384 vultis,
1468 2327 1533 2368 non

328 2411 502 2469 steterunt.
547 2405 659 2488 Atque
683 2403 781 2467 etiam
807 2402 867 2488 ipsi
892 2403 976 2467 iuter
997 2425 1036 2466 ee
1062 2425 1211 2468 censores
1233 2424 1293 2466 sua
1312 2402 1433 2486 judicia
1446 2402 1532 2467 tanti

327 2525 397 2568 esse
411 2504 608 2568 arbitrantur
621 2511 658 2567 ut
672 2502 754 2567 alter
775 2501 907 2565 alterius
929 2501 1086 2585 judicium
1106 2523 1170 2566 non
1191 2501 1286 2565 modo
1308 2501 1531 2586 reprehendat,

327 2601 385 2666 sed
401 2601 497 2667 etiam
514 2601 695 2675 rescindut3
720 2603 756 2664 ut
771 2599 853 2664 alter
869 2599 908 2663 de
922 2606 1038 2663 senatu
1052 2622 1179 2664 movere
1193 2599 1279 2676 velit,
1295 2598 1379 2663 alter
1392 2597 1532 2663 retineat

326 2706 361 2764 et
375 2700 484 2764 ordine
499 2700 693 2785 amplissimo
709 2698 840 2785 dignum
856 2698 1019 2763 existimet
1031 2726 1040 2774 ς
1065 2708 1103 2763 ut
1117 2698 1201 2763 alter
1215 2698 1248 2762 in
1263 2697 1404 2761 aerarios
1418 2696 1530 2761 referri

327 2806 386 2863 aut
399 2798 487 2863 tribu
511 2798 629 2863 moveri
648 2792 771 2883 jubeat,
795 2795 877 2860 alter
902 2803 1000 2860 vetet.
1045 2796 1152 2878 Quare
1173 2796 1228 2881 qui
1243 2795 1332 2859 vobis
1345 2794 1378 2857 iu
1392 2802 1530 2858 mentem

359 3008 398 3055 48.
410 3008 527 3069 jsedtcem,
545 3008 594 3055 nm
611 3006 665 3068 qut]
685 3006 730 3053 See
745 3006 801 3053 Vol.
821 3006 843 3053 1.
862 3004 912 3053 Ex·
944 3004 987 3054 the
1000 3004 1114 3054 senatore
1129 3006 1178 3054 and
1193 3006 1236 3055 the
1252 3005 1353 3069 Equites
1364 3020 1425 3059 were
1435 3005 1531 3067 eligibls

326 3085 418 3129 cursus,
436 3072 538 3119 Judicie.
571 3070 624 3119 The
642 3071 730 3131 parties
747 3070 772 3116 in
790 3084 805 3117 a
821 3071 913 3131 private
944 3078 971 3119 to
982 3071 1024 3118 the
1034 3072 1102 3118 office
1113 3071 1261 3118 olluderin
1272 3072 1313 3118 the
1325 3072 1489 3125 Quaestionee.

326 3136 375 3183 suit
394 3136 517 3197 originally
539 3135 623 3196 agreed
645 3134 720 3180 about
741 3134 783 3181 the
806 3134 911 3195 ‘judea'
978 3134 1061 3183 Cicero
1078 3150 1132 3197 says
1148 3136 1202 3183 that
1218 3150 1291 3197 many
1300 3150 1401 3197 penoris
1411 3135 1465 3181 who
1480 3134 1531 3182 had

325 3200 379 3247 The
388 3201 495 3262 plaintiff
507 3198 623 3261 proposed
634 3212 688 3253 one,
699 3198 747 3244 eud
762 3198 805 3245 the
821 3198 912 3260 Magis-
945 3199 1006 3247 been
1016 3200 1115 3247 marked
1125 3200 1184 3247 with
1196 3200 1332 3262 Ignominia
1341 3200 1423 3261 hythe
1433 3214 1530 3247 censore

325 3270 403 3312 tratus
414 3264 542 3325 appointed
554 3265 611 3319 blm,
621 3262 642 3307 if
650 3262 692 3309 the
703 3262 833 3309 defendant
844 3264 913 3311 mede
945 3264 982 3311 for
998 3264 1086 3326 haring
1102 3264 1175 3311 taken
1192 3280 1279 3327 money
1290 3264 1392 3327 illegally
1403 3264 1450 3311 had
1467 3264 1529 3310 been

326 3340 359 3373 no
378 3328 499 3387 objectiou
519 3326 580 3377 (Cic.
600 3324 638 3373 De
653 3326 695 3374 Or.
714 3328 738 3373 il.
759 3328 804 3383 7⁰;
823 3328 876 3374 Vol.
891 3328 912 3375 1.
945 3328 1067 3390 acquitted
1078 3344 1110 3376 on
1120 3328 1183 3376 trial.
1215 3329 1268 3376 The
1284 3330 1383 3389 reading
1401 3328 1529 3391 ‘meuriss

326 3391 395 3437 Verr.
407 3392 431 3437 ii.
444 3392 468 3438 3.
480 3406 501 3437 c.
514 3392 553 3447 60,
569 3388 646 3452 note).
680 3390 764 3438 Cicero
781 3391 840 3439 adds
858 3392 912 3440 thet
942 3392 1077 3455 accepisse’
1088 3396 1109 3442 is
1120 3394 1146 3440 in
1157 3392 1237 3452 S.T.;
1249 3393 1530 3453 buttheotherreediug

325 3456 351 3501 in
374 3454 406 3501 all
429 3454 472 3501 the
498 3453 574 3514 Leges
598 3454 676 3500 which
699 3461 800 3515 prevent
822 3472 837 3503 a
854 3472 912 3504 man
945 3458 1074 3519 ‘pecuniae
1085 3457 1192 3520 cepisse'
1208 3458 1291 3505 iselso
1302 3458 1382 3507 latin.
1416 3458 1461 3505 See
1471 3456 1527 3504 Vol

325 3519 386 3565 from
398 3518 498 3578 holding
508 3532 523 3564 a
533 3518 674 3579 magistracy
684 3517 858 3581 (magisustum
871 3536 910 3567 ce·
943 3522 964 3569 1.
976 3522 1073 3569 Verai.
1091 3525 1113 3571 l.
1130 3538 1151 3570 c.
1169 3526 1200 3570 dr
1219 3527 1317 3569 ‘contra
1334 3523 1399 3584 leges
1414 3522 1528 3583 pecuniae

325 3580 402 3645 pere),
414 3596 442 3629 or
452 3580 523 3641 being
539 3597 554 3629 a
571 3579 677 3642 ‘judex,'
694 3598 722 3630 or
739 3598 753 3630 a
771 3590 911 3645 prosecutor
942 3587 1049 3648 ceptsee,'
1060 3588 1108 3634 end
1119 3588 1144 3634 ii.
1156 3588 1180 3634 8.
1192 3602 1213 3634 c
1225 3588 1264 3635 80.

325 3647 437 3709 (alterurn
452 3644 582 3709 accam),
594 3646 635 3693 the
653 3647 787 3709 lguomInia
802 3649 909 3698 lullicted
973 3651 1188 3713 relectoejudicee]
1207 3645 1262 3699 The'
1269 3651 1351 3699 elbum
1362 3651 1391 3698 of
1403 3650 1447 3698 the
1457 3650 1528 3698 Judi·

323 3712 410 3775 hythe
421 3724 516 3759 censore
527 3711 547 3759 is
558 3715 602 3758 not
613 3712 750 3760 mentioned
761 3728 788 3760 ae
798 3728 814 3761 e
823 3729 908 3762 reason
941 3730 988 3763 cea.
1013 3716 1058 3763 See
1068 3716 1198 3772 Excureua,
1208 3716 1312 3771 dedicta,
1324 3716 1379 3763 Vol.
1391 3716 1413 3763 1.
1428 3716 1528 3763 cusam

324 3778 361 3825 lor
372 3776 511 3839 lucapeclty.
544 3776 597 3823 'l'hs
614 3776 655 3824 old
672 3777 778 3825 Romans
794 3780 909 3827 intended
940 3778 1526 3841 endBaiterhare‘lectoejudicee,’followingS.T.

323 3842 365 3889 the
376 3856 456 3904 power
466 3842 524 3889 with
533 3842 612 3889 which
628 3841 671 3889 the
686 3857 782 3890 cenecrs
793 3858 855 3891 were
870 3845 908 3891 in·
974 3847 1000 3892 tn
1014 3847 1124 3892 cerertm
1140 3845 1197 3907 dcc]
1215 3844 1275 3891 This
1292 3846 1313 3891 is
1330 3860 1362 3892 eu
1379 3846 1487 3893 insunce
1501 3843 1530 3890 cl

323 3906 596 3954 restedtobenterror
611 3906 695 3954 tothe
712 3906 825 3963 bad‚eud
840 3914 910 3956 nota
941 3909 1431 3971 thepoweroftheoensomtouegrsue
1446 3922 1527 3956 emen

557 3971 563 3993 1
604 3972 609 3983 “
867 3974 890 4000 ι’
1072 3979 1078 3999 ι
1110 3975 1115 3985 ’
1172 3973 1179 3996 I

322 3972 909 4099 stittttttitzllttatterum
940 3972 1528 4098 quateretquateret:

321 4105 347 4147 to
363 4101 497 4163 providens
514 4102 540 4147 ln
555 4116 603 4162 any
615 4102 665 4148 Lex
682 4100 713 4163 by
725 4102 802 4148 which
818 4102 909 4149 cmtein
941 4103 1016 4162 signal
1028 4103 1137 4163 example
1147 4104 1172 4149 in
1184 4104 1245 4165 Livy
1262 4103 1397 4166 (xxiadd).
1416 4104 1461 4150 See
1475 4102 1527 4149 elec

321 4176 421 4226 persone
442 4178 503 4213 were
525 4166 608 4227 plamd
635 4166 711 4213 under
734 4166 838 4227 politicel
860 4166 908 4213 die-
940 4167 1004 4213 niv.
1019 4168 1062 4223 ls;
1079 4167 1161 4215 ir.2⁴.

321 4229 432 4275 abilitIee.
473 4230 532 4277 This
553 4246 600 4277 was
619 4230 682 4277 done
702 4230 759 4278 both
781 4230 812 4292 hy
832 4231 910 4292 Leges
975 4232 999 4278 lt
1009 4232 1030 4278 is
1041 4246 1073 4278 no
1084 4232 1163 4279 wliere
1174 4232 1224 4279 said
1235 4232 1289 4279 who
1299 4232 1444 4280 theAeraril
1455 4245 1525 4278 were.

321 4293 369 4339 end
386 4293 470 4354 hythe
487 4294 606 4341 Praetor's
623 4294 712 4350 Edicta,
730 4310 756 4341 es
773 4310 809 4342 we
826 4310 866 4343 sse
883 4297 909 4342 iu
942 4295 1034 4343 Becker
1050 4294 1209 4358 (Hendbucffi
1228 4301 1271 4344 &a
1290 4298 1315 4344 ii.
1330 4300 1351 4345 1.
1363 4310 1391 4358 p.
1412 4296 1470 4358 183)
1480 4296 1526 4343 hae

320 4357 363 4404 the
375 4357 458 4419 Digest
469 4360 493 4406 3.
505 4360 543 4405 tit.
558 4360 578 4406 l.
592 4359 629 4405 De
641 4358 801 4417 Postulando;
813 4360 861 4407 and
869 4362 907 4408 h't.
941 4360 1055 4408 collected
1075 4362 1119 4408 the
1139 4362 1250 4423 opinions
1266 4362 1295 4409 ot
1314 4360 1405 4409 seruat
1426 4360 1527 4408 nudem

320 4423 343 4469 2.
357 4420 395 4467 De
406 4423 443 4470 hle
454 4424 496 4485 qui
508 4422 611 4470 Iniemhn
622 4430 743 4471 notantur.
939 4425 1037 4473 viritem
1080 4426 1134 4474 The
1155 4427 1247 4473 Aererii
1272 4440 1334 4474 urere
1361 4432 1405 4473 not
1430 4425 1456 4470 in
1477 4439 1528 4486 any

352 4491 475 4535 semrom
492 4489 629 4548 equitesque
644 4488 759 4550 Romani]
778 4488 849 4537 Alter
863 4490 907 4537 the
939 4489 1054 4546 ‘tribum'
1065 4489 1124 4552 they
1130 4506 1193 4538 were
1200 4491 1316 4539 excluded
1326 4490 1390 4538 hom
1400 4489 1443 4536 the
1459 4489 1526 4535 ‘eat-

319 4552 456 4599 enectmeut
466 4551 494 4600 of
508 4550 550 4599 the
562 4552 614 4599 lex
624 4552 721 4601 Aurelia
732 4566 781 4601 ac.
794 4555 834 4612 70,
845 4554 904 4602 both
938 4554 1040 4616 ἰηςίιιω
1055 4560 1082 4602 et
1098 4555 1218 4604 honom'
1252 4556 1345 4603 ‘mun
1360 4553 1527 4603 moreri'and
