3517 5325
311 462 374 525 350
619 455 754 520 ORAT.
779 454 870 519 PRO
894 456 937 519 A.
960 451 1199 519 OLUEN'HO

311 628 554 718 proposuissem,
565 633 602 691 ut
615 626 738 691 animos
753 631 787 690 et
801 625 909 710 populi
919 624 1055 689 Romani
1070 632 1104 689 et
1115 623 1258 708 judicum
1272 645 1515 702 commoverem,

313 749 470 814 quumque
486 747 595 789 omnes
610 725 796 789 offensiones
807 723 1000 808 judiciorum
1014 745 1077 788 non
1092 745 1133 786 ex
1146 744 1219 786 mea
1232 722 1379 807 opinione
1398 725 1456 788 sed
1474 745 1518 787 ex

313 825 475 889 bominum
490 845 615 887 rumore
629 823 809 908 proferrem,
826 821 922 886 istam
936 843 1011 899 rem,
1029 843 1110 906 quae
1132 827 1200 884 tam
1221 821 1415 906 populariter
1428 830 1519 886 esset

302 923 446 1008 agitata,
470 921 643 1007 praeterire
666 942 729 984 non
754 919 856 1004 potui.
902 919 967 982 Sed
989 929 1075 983 errat
1100 919 1311 995 vehementer,
1334 917 1362 982 si
1385 919 1458 1004 quis
1482 919 1518 982 in

314 1020 511 1085 orationibus
525 1019 644 1083 nostris
661 1040 740 1104 quas
763 1017 796 1080 in
815 1016 945 1101 judiciis
967 1015 1145 1091 habuimus,
1160 1016 1370 1081 auctoritates
1386 1023 1518 1080 nostras
1599 1027 1606 1038 '
1683 1016 1684 1027 ’

316 1119 520 1204 consignatas
531 1140 566 1180 se
578 1117 695 1180 hahere
706 1115 891 1180 arbitratur.
914 1115 1034 1178 Omnes
1043 1114 1128 1177 enim
1138 1114 1209 1177 illae
1219 1113 1409 1199 [orationes]
1423 1136 1515 1178 caua

315 1239 421 1301 sarum
435 1238 474 1280 ao
488 1222 666 1300 temporum
689 1222 774 1292 sunt,
791 1234 855 1276 non
877 1212 1038 1275 hominum
1059 1211 1198 1297 ipsorum
1219 1220 1276 1276 ant
1296 1220 1516 1296 patronorum.

317 1315 400 1378 Nam
415 1314 442 1378 si
458 1334 589 1377 caussae
604 1312 691 1398 ipsae
706 1333 764 1396 pro
774 1333 808 1374 se
820 1310 905 1396 loqui
912 1316 1056 1395 possent,
1064 1331 1157 1373 nemo
1165 1309 1331 1372 adhiberet
1342 1316 1516 1374 oratorem.

317 1412 410 1476 Nunc
425 1412 612 1476 adhibemur
625 1417 662 1474 ut
677 1431 716 1473 ea
730 1409 882 1486 dicamus,
894 1431 959 1472 non
974 1430 1055 1494 qnae
1068 1407 1262 1473 anctoritate
1276 1414 1387 1471 nostra
1397 1407 1518 1471 consti·

315 1517 457 1588 tuantur,
474 1510 530 1573 sed
546 1531 627 1594 quae
642 1530 682 1571 ex
697 1529 732 1570 re
754 1507 823 1592 ipsa
838 1528 1012 1591 causaeque
1027 1506 1195 1569 ducantur.
1240 1504 1413 1569 Hominem
1426 1505 1517 1588 inge-

316 1607 449 1684 niosum,
468 1607 516 1671 M.
534 1605 721 1683 Antonium,
738 1605 829 1669 aiunt
843 1605 973 1669 solitum
987 1625 1057 1667 esse
1072 1603 1187 1681 dicere,
1206 1603 1334 1666 Idcirco
1348 1625 1384 1666 se
1397 1603 1518 1665 nnllam

317 1725 466 1789 umquam
478 1704 654 1767 orationem
669 1701 833 1787 scripsisse
847 1711 894 1777 ut,
910 1702 938 1765 si
958 1701 1034 1786 quid
1052 1700 1222 1785 aliquando
1244 1723 1308 1765 non
1331 1723 1412 1786 opus
1430 1709 1519 1765 esset

316 1803 357 1866 ab
373 1823 491 1865 ecesse
506 1801 636 1876 dictum,
653 1807 762 1884 posset
776 1821 895 1884 negare
917 1799 1055 1863 dixisse:
1079 1798 1212 1883 proinde
1234 1799 1334 1885 quasi,
1350 1799 1378 1862 si
1400 1799 1476 1883 quid
1496 1819 1519 1863 a

317 1899 409 1962 nobis
424 1898 544 1961 dictum
558 1905 615 1962 aut
629 1905 736 1961 actum
752 1897 804 1976 sit,
821 1897 854 1960 id
878 1897 939 1960 nisi
957 1896 1074 1961 litteris
1089 1898 1341 1960 mandaverimus
1355 1897 1519 1960 hominum

317 1995 468 2059 memoria
482 2014 545 2057 non
561 1995 855 2079 comprehendetur.
903 1994 960 2057 LI.
984 1995 1056 2079 Ego
1070 2016 1146 2058 vero
1165 1995 1198 2057 in
1212 1995 1276 2059 isto
1289 2017 1406 2078 genere
1420 1995 1519 2058 liben-

317 2095 384 2160 tius
398 2115 494 2178 quum
509 2093 689 2170 multorum,
706 2100 775 2156 tum
797 2091 933 2156 hominis
954 2093 1203 2178 eloquentissimi
1225 2101 1261 2158 et
1280 2093 1517 2179 sapientissimi,

321 2191 358 2256 L.
375 2191 481 2255 Crassi
505 2191 729 2254 auctoritatem
752 2213 877 2276 sequor,
904 2191 957 2276 qni
981 2213 1078 2275 quum
1093 2191 1129 2255 Ο.
1149 2191 1303 2254 Plancum
1321 2191 1516 2265 defenderet,

239 2315 243 2320 ’
317 2297 491 2354 accusante
509 2289 556 2354 M.
573 2287 685 2364 Bruto,
701 2287 828 2351 bomine
843 2287 875 2351 in
891 2288 1024 2351 dicendo
1040 2287 1217 2351 vehementi
1233 2295 1267 2352 et
1281 2288 1403 2365 callido,
1420 2309 1519 2373 quum

318 2388 440 2453 Brutus
454 2388 575 2451 dnobus
590 2386 814 2450 recitatoribus
828 2384 1014 2450 constitutis
1028 2407 1068 2448 ex
1087 2385 1209 2448 duabus
1230 2387 1300 2470 ejus
1322 2385 1520 2451 orationibus

318 2488 425 2572 capita
438 2485 570 2550 'alterna
593 2485 677 2549 inter
700 2507 734 2548 se
758 2484 920 2548 contraria
942 2481 1107 2548 recitanda
1121 2492 1283 2557 curasset;
1309 2485 1393 2570 quod
1408 2484 1441 2547 in
1455 2483 1521 2547 dis-

318 2585 462 2649 suasione
477 2583 652 2671 rogationis
667 2584 737 2669 ejus
759 2603 840 2668 quae
866 2588 980 2645 contra
1002 2580 1158 2644 coloniam
1182 2581 1422 2646 Narbonensem
1439 2583 1520 2645 iere-

318 2684 422 2759 batur,
454 2690 607 2768 quantum
636 2688 745 2766 potest
771 2682 811 2744 de
836 2678 1029 2744 auctoritate
1051 2686 1181 2744 senatus
1207 2681 1357 2759 detrahit,
1388 2681 1419 2743 in
1448 2701 1519 2743 sna·

319 2782 407 2846 sione
426 2780 504 2865 legis
535 2778 685 2844 Serviliae
714 2778 846 2842 summis
866 2784 960 2841 ornat
982 2783 1129 2840 senatum
1156 2777 1319 2853 laudibus;
1355 2786 1390 2842 et
1417 2778 1521 2842 multa

319 2879 351 2942 in
367 2879 491 2964 equites
506 2879 668 2941 Romanos
683 2898 779 2961 quum
795 2899 835 2940 ex
853 2897 892 2939 ea
914 2875 1059 2940 oratione
1073 2874 1218 2960 asperius
1238 2876 1326 2940 dicta
1339 2876 1520 2952 recitasset,

319 2998 381 3063 quo
396 2976 491 3040 animi
514 2976 636 3039 illorum
660 2974 803 3056 judicum
824 2973 856 3035 in
872 2973 1023 3037 Crassum
1045 2972 1298 3051 incenderentur,
1322 2974 1521 3058 aliquantum

319 3096 390 3139 esse
404 3082 581 3137 commotus
606 3071 731 3135 dicitur.
778 3069 893 3154 Itaque
916 3070 949 3132 in
972 3071 1191 3155 respondendo
1214 3072 1349 3156 primum
1372 3070 1522 3157 exposuit

319 3172 484 3255 utriusque
513 3170 669 3234 rationem
698 3168 851 3251 temporie
880 3175 918 3232 ut
947 3169 1050 3233 oratio
1079 3190 1121 3232 ex
1149 3190 1184 3231 re
1209 3178 1243 3233 et
1272 3192 1386 3234 caussa
1411 3170 1523 3233 habita

320 3270 498 3332 videretur:
524 3266 644 3343 deinde,
662 3272 699 3328 ut
710 3264 886 3351 intelligere
901 3274 1010 3351 posset
1032 3263 1166 3345 Brutus,
1187 3290 1281 3352 quem
1296 3268 1462 3343 hominem,
1486 3275 1520 3331 et

320 3387 384 3429 non
399 3365 499 3428 solum
515 3385 578 3448 qua
592 3362 781 3446 eloquentia,
792 3385 901 3427 verum
915 3364 1012 3428 etiam
1027 3386 1089 3449 quo
1104 3364 1210 3449 lepore
1220 3373 1254 3430 et
1268 3365 1383 3451 quibus
1396 3363 1522 3429 facetiis

354 3576 392 3623 M.
402 3572 559 3635 Antonium]
578 3572 630 3621 The
638 3576 705 3635 great
715 3576 803 3632 orator,
819 3574 904 3623 whois
936 3574 1039 3631 Nube:
1050 3575 1238 3638 aethiopasaaga
1246 3580 1328 3625 states
1361 3576 1445 3625 Cicero
1454 3591 1518 3625 men-

321 3654 368 3687 one
378 3640 406 3687 ol
413 3638 455 3687 the
466 3638 577 3700 speakers
587 3640 612 3686 in
624 3640 665 3686 the
677 3639 715 3687 De
726 3638 835 3687 Oratore.
936 3641 1001 3688 tione
1011 3641 1060 3687 this
1070 3642 1139 3701 again
1151 3640 1260 3703 (Brutus,
1271 3657 1292 3689 a
1304 3644 1352 3699 ⁴33
1369 3642 1408 3690 De
1416 3642 1485 3689 Orat.
1495 3643 1522 3690 ii.

353 3704 583 3767 siquid-dictum]
602 3703 745 3751 Thislsthe
754 3703 825 3752 MSS.
834 3704 904 3752 read·
937 3704 986 3767 55).
1021 3705 1121 3753 Crassus
1137 3706 1212 3766 spoke
1228 3706 1253 3752 in
1269 3706 1353 3754 favour
1369 3707 1397 3755 of
1412 3706 1454 3753 the
1471 3708 1523 3754 Len

322 3770 371 3831 lng.
402 3768 455 3816 The
475 3782 586 3816 common
605 3768 703 3830 reading
721 3770 839 3831 “siquid
860 3770 904 3817 ali·
938 3770 1036 3817 Servilia
1056 3769 1186 3817 iudiciaria
1208 3768 1270 3833 (nc.
1292 3770 1358 3833 1116),
1377 3772 1453 3819 which
1474 3785 1523 3818 vas

321 3834 418 3899 quaudo
439 3832 504 3895 quod
523 3848 571 3881 non
589 3847 650 3895 opus
668 3833 781 3881 essetab
799 3848 825 3881 se
841 3838 906 3882 esset
937 3833 1057 3895 proposed
1090 3834 1122 3895 by
1156 3835 1198 3882 the
1222 3835 1307 3883 consul
1353 3836 1385 3888 0„
1410 3836 1524 3884 Senibus

322 3897 521 3955 dictum,'’isthe
531 3898 640 3957 Juntine,
651 3898 699 3946 aud
710 3898 828 3961 supposed
840 3898 907 3945 toba
939 3898 1029 3959 Caepio
1052 3896 1163 3960 (Brutus,
1182 3915 1204 3947 c.
1222 3901 1267 3955 143,
1283 3898 1342 3961 44);
1370 3900 1418 3947 and
1439 3900 1524 3949 (tiemo

321 3963 491 4024 aeonjectural
499 3962 602 4024 reading.
938 3962 1021 4023 highly
1038 3963 1176 4011 commende
1192 3965 1241 4010 this
1259 3966 1354 4025 speech.
1389 3964 1429 4011 lie
1442 3964 1525 4013 makes

355 4030 395 4076 tl.
415 4028 440 4075 0.
454 4028 586 4089 Plancum]
609 4027 711 4075 Plancus
729 4026 750 4073 is
768 4026 907 4074 mentioned
938 4042 954 4074 a
968 4027 1062 4073 remark
1074 4028 1153 4075 which
1169 4028 1217 4075 will
1233 4028 1290 4089 help
1305 4034 1332 4075 to
1341 4028 1436 4091 explain
1447 4044 1525 4077 some·

322 4091 449 4139 elsewhere
467 4088 517 4152 (De
536 4091 604 4139 Orat.
622 4093 647 4139 ii.
664 4094 695 4139 bt
705 4109 711 4149 ;
728 4090 830 4143 Quintil.
843 4090 904 4139 lust
937 4091 1008 4152 thing
1017 4092 1120 4139 thathee
1130 4092 1191 4140 been
1200 4094 1250 4140 said
1258 4092 1339 4141 before
1348 4094 1407 4155 (Pro
1416 4095 1525 4150 Fonteio,

322 4156 354 4203 vi.
373 4155 410 4219 3).
443 4155 479 4202 Μ.
495 4155 583 4203 Junius
602 4156 693 4203 Brutus
711 4170 758 4203 was
773 4155 847 4203 called
863 4156 906 4202 the
938 4170 959 4203 c.
977 4158 1002 4211 9,
1021 4155 1100 4218 note).
1135 4157 1175 4204 He
1191 4156 1302 4206 observes
1321 4158 1376 4206 that
1392 4158 1461 4205 there
1476 4173 1526 4207 vas

324 4218 478 4267 ‘accumtor’
491 4218 541 4281 (De
552 4220 602 4267 Off.
621 4221 646 4267 ii.
666 4218 715 4283 lt).
749 4218 832 4267 Cicero
852 4234 906 4281 says
938 4220 1041 4267 morein
1052 4221 1095 4268 the
1105 4221 1192 4282 speech
1202 4222 1256 4268 that
1272 4237 1320 4270 was
1337 4223 1454 4271 delivered
1465 4224 1526 4270 than

322 4284 352 4333 oi
370 4284 434 4331 him:
453 4284 496 4331 “is
515 4284 668 4345 magistratus
689 4298 738 4331 non
757 4284 848 4345 petivit,
864 4284 907 4331 sed
939 4285 965 4331 in
978 4285 1182 4346 thesprecbtbat
1195 4302 1244 4334 was
1260 4288 1363 4345 written,
1378 4302 1405 4335 as
1422 4300 1457 4334 rra
1470 4302 1527 4348 may

323 4348 369 4397 luit
376 4354 498 4395 aoeusator
508 4348 636 4395 vehemens
646 4353 671 4396 et
682 4348 796 4395 molestus
803 4347 819 4371 ''
833 4348 907 4410 (Bin-
939 4363 979 4397 see
987 4350 1048 4396 from
1059 4365 1126 4397 some
1136 4350 1256 4411 chapters,
1267 4352 1403 4400 themate
1413 4353 1439 4399 ot
1448 4352 1526 4399 which

324 4410 467 4473 tus,c.³t).
501 4412 601 4461 Crassus
623 4412 692 4460 made
709 4412 823 4474 aspeecb
844 4411 906 4474 (ne.
939 4414 1115 4471 mentedbut
1132 4415 1247 4477 notbrlly
1261 4416 1525 4477 expanded(“exqui·

326 4476 383 4534 lla)
395 4476 488 4535 against
502 4477 544 4523 the
561 4476 612 4525 Lex
623 4477 677 4524 that
693 4491 740 4525 was
754 4477 871 4537 proposed
882 4482 908 4524 to
939 4477 1041 4527 busdam
1051 4478 1170 4541 capitibus
1179 4480 1294 4543 expositis
1303 4495 1349 4529 nee
1363 4480 1526 4543 mamad).

324 4543 424 4600 prevent
449 4540 491 4587 the
517 4541 654 4589 settlement
679 4540 707 4587 of
728 4540 770 4588 the
798 4540 909 4589 ‘colonia
