3517 5325
599 461 777 528 ΗΑΒΙΤΟ
801 461 903 528 OAP.
927 465 1064 529 14-16.
1373 471 1430 534 311

233 657 304 702 esse
327 635 474 718 civesque
490 632 652 698 Romarm
673 634 780 720 coepit
798 634 976 700 defendere.
1020 634 1172 700 Graviter
1194 635 1227 702 id
1251 637 1437 704 decuriones

236 731 434 820 Larinatium
449 731 620 816 cunctique
635 731 809 816 municipes
823 732 978 796 tulerunt.
1026 730 1141 818 ltaque
1159 736 1202 799 ab
1218 734 1341 800 Habito
1356 737 1436 821 peti·

233 839 348 896 verunt
361 838 398 894 ut
413 851 485 894 eam
499 851 644 894 caussam
658 829 835 914 susciperet
849 830 1037 914 publiceque
1053 831 1247 896 detenderet.
1292 833 1436 900 Habitus

234 951 331 1016 quum
346 951 381 994 se
396 930 437 996 ab
453 928 538 992 omni
553 929 709 1012 ejusmodi
724 929 854 1014 negotio
868 929 1064 1006 removisset,
1080 937 1190 994 tamen
1204 951 1264 1015 pro
1282 931 1362 1008 loco,
1378 956 1437 1017 pro

234 1028 427 1112 antiquitate
444 1025 571 1110 generis
585 1025 644 1106 sui,
661 1048 719 1110 pro
741 1048 780 1090 eo
801 1026 886 1110 quod
909 1048 946 1090 se
968 1047 1031 1090 non
1051 1027 1120 1090 suis
1139 1027 1244 1090 solum
1265 1030 1437 1093 commodis

235 1126 293 1190 sed
308 1124 406 1189 etiam
420 1145 550 1188 suorum
572 1123 767 1208 municipum
790 1131 1032 1209 ceterorumque
1054 1124 1303 1188 necessariorum
1324 1133 1437 1190 natum

235 1243 306 1286 esse
320 1221 550 1298 arbitrabatur,
566 1227 677 1286 tantae
692 1221 849 1286 voluntati
870 1221 1089 1286 universorum
1105 1222 1305 1287 Larinatium
1327 1224 1437 1288 deesse

235 1319 347 1384 noluit.
393 1318 551 1403 Suscepta
573 1341 687 1383 caussa
701 1319 899 1404 Romamque
921 1319 1037 1397 delata,
1051 1341 1185 1405 magnae
1206 1321 1349 1405 quotidie
1363 1343 1436 1386 con-

236 1418 396 1482 tentiones
411 1417 495 1481 inter
513 1415 669 1482 Habitum
683 1423 717 1480 et
733 1415 946 1510 Oppianicum
967 1438 1008 1480 ex
1029 1417 1195 1503 utriusque
1209 1419 1317 1483 studio
1331 1419 1437 1484 deten-

236 1515 342 1580 siones
356 1514 592 1579 excitabantur.
638 1514 720 1578 Erat
744 1513 812 1599 ipse
835 1513 966 1577 immani
988 1516 1167 1600 acerbaque
1190 1522 1305 1580 natura
1320 1515 1437 1601 Oppia·

237 1614 335 1678 nicus.
382 1613 578 1678 Incendebat
592 1613 662 1696 ejus
676 1611 849 1676 amentiam
864 1611 981 1675 intesta
994 1619 1093 1697 atque
1106 1612 1234 1677 inimica
1247 1613 1313 1676 filio
1334 1621 1438 1678 mater

239 1711 363 1775 Habiti.
395 1710 508 1795 Magni
523 1717 631 1774 autem
641 1709 685 1773 illi
696 1729 756 1773 sua
765 1709 919 1773 interesse
927 1710 1179 1786 arbitrabantur,
1194 1711 1279 1774 bunc
1292 1733 1314 1774 a
1324 1731 1438 1775 arasa

241 1808 438 1874 Martialium
463 1807 627 1872 removeri.
697 1807 836 1870 Suberat
860 1806 959 1870 etiam
990 1806 1053 1870 alia
1078 1827 1192 1871 mussa
1214 1809 1325 1892 major,
1357 1829 1438 1893 quae

239 1905 405 1991 Oppianici
431 1905 568 1969 bominis
590 1904 764 1968 avarissimi
789 1911 887 1988 atque
911 1903 1115 1968 audacissimi
1137 1913 1278 1969 mentem
1300 1905 1439 1968 maxime

238 1999 465 2068 commovebat.
511 2003 595 2066 Nam
612 2002 756 2066 Habitus
770 2023 869 2086 usque
883 2002 926 2066 ad
940 2001 1024 2066 illius
1043 2002 1154 2086 judicii
1176 2011 1304 2088 tempus
1318 2002 1438 2066 nullum

238 2107 465 2166 testamentum
480 2121 627 2186 umquam
643 2101 774 2166 iecerat.
818 2099 931 2184 Neque
945 2099 1031 2164 enim
1043 2099 1151 2184 legare
1172 2100 1330 2185 ejusmodi
1343 2098 1439 2163 matri

239 2205 368 2283 poterat
390 2199 530 2262 animum
556 2199 715 2274 inducere,
736 2219 838 2282 neque
860 2203 1057 2261 testamento
1075 2219 1191 2262 nomen
1205 2198 1334 2262 omnino
1348 2217 1439 2282 prae-

238 2296 416 2362 termittere
431 2295 584 2381 parentis.
630 2294 669 2358 Id
685 2317 781 2380 quum
797 2293 992 2378 Oppianicus
1013 2293 1119 2370 sciret,
1136 2315 1240 2378 neque
1261 2295 1346 2357 enim
1368 2301 1440 2357 erat

239 2394 416 2471 obscurum,
433 2394 632 2478 intelligebat
647 2393 771 2456 Habito
786 2399 914 2455 mortuo
928 2390 1013 2452 bona
1026 2390 1096 2472 ejus
1114 2391 1221 2454 omnia
1241 2391 1282 2452 ad
1303 2397 1439 2452 matrem
1501 2423 1505 2428 ⁴

239 2513 308 2556 esse
322 2500 479 2565 ventura;
503 2513 584 2575 quae
599 2491 640 2554 ab
656 2511 728 2552 sese
744 2495 856 2573 postea
869 2494 967 2550 aucta
987 2487 1123 2571 pecunia
1145 2488 1266 2570 majore
1287 2487 1438 2570 praemio,

239 2589 352 2654 orbata
371 2588 436 2652 filio
458 2587 579 2650 minore
601 2585 740 2671 periculo
762 2589 941 2648 necaretur.
988 2583 1102 2669 ltaque
1116 2583 1167 2646 bis
1181 2585 1277 2648 rebus
1291 2583 1440 2648 incensus

238 2708 302 2771 qua
315 2688 439 2751 ratione
456 2684 614 2749 Habitum
628 2704 748 2747 veneno
763 2680 874 2746 tollere
889 2687 1025 2745 conatus
1037 2680 1081 2745 sit
1096 2679 1290 2763 cognoscite.
1336 2679 1439 2743 XVI.

240 2783 276 2846 O.
292 2790 326 2847 et
351 2783 389 2845 L.
406 2782 544 2845 Fabricii
567 2782 685 2845 tratres
708 2778 826 2865 gemini
849 2778 978 2842 fuerunt
999 2798 1039 2841 ex
1061 2777 1231 2863 municipio
1253 2776 1438 2855 Aletrinati,

238 2880 384 2945 leontinae
409 2878 493 2943 inter
516 2900 552 2942 se
576 2900 673 2963 quum
698 2878 800 2941 forma
825 2883 896 2939 tum
924 2874 1065 2939 moribus
1092 2874 1221 2951 similes,
1246 2874 1440 2959 municipum

238 2986 348 3043 autem
363 2998 491 3041 suonam
507 2974 728 3047 dissimillimi;
751 2974 784 3037 in
806 2974 922 3059 quibus
943 2979 1085 3058 quantus
1106 2971 1256 3056 splendor
1275 2971 1328 3047 sit,
1344 2994 1439 3056 quam

238 3102 337 3165 prope
359 3078 544 3164 aequabilis,
566 3098 662 3162 quam
683 3076 750 3139 tere
773 3073 914 3137 omnium
937 3079 1090 3137 constans
1112 3078 1148 3137 et
1169 3071 1335 3134 moderata
1356 3069 1440 3134 ratio

238 3179 331 3257 vitae,
348 3200 441 3243 nemo
456 3186 607 3251 vestrum,
631 3182 668 3239 ut
691 3194 763 3237 mes
785 3172 849 3236 sert
872 3171 989 3257 opinio,
1010 3171 1151 3256 ignorat.
1194 3168 1259 3233 His
1282 3168 1440 3233 Fabriciis

237 3297 363 3361 semper
386 3283 436 3339 est
459 3296 538 3340 usus
558 3272 751 3360 Oppianicus
775 3269 1031 3334 familiarissime.
1076 3268 1155 3331 Jam
1176 3266 1238 3330 boc
1261 3265 1327 3329 tere
1348 3266 1440 3331 scitis

238 3394 346 3437 ornnes
361 3380 514 3459 quantam
528 3374 591 3436 vim
611 3372 730 3435 babeat
752 3368 795 3433 ad
817 3366 1057 3453 conjungendas
1077 3362 1236 3429 amicitias
1259 3362 1440 3429 studiorum

238 3491 275 3533 ac
296 3478 429 3535 naturae
450 3470 631 3535 similitudo.
678 3468 784 3549 Quum
799 3466 843 3530 illi
858 3466 905 3531 ita
918 3465 1061 3530 viverent
1078 3470 1116 3527 ut
1137 3462 1255 3526 nullum
1270 3468 1440 3547 quaestum

237 3576 363 3653 turpem
377 3592 448 3633 esse
462 3570 712 3639 arbitrarentur;
730 3588 826 3650 quum
841 3564 944 3628 omnis
957 3564 999 3627 ab
1014 3563 1065 3626 his
1078 3563 1173 3639 fraus,
1187 3582 1298 3625 omnes
1308 3560 1440 3625 insidias

238 3664 609 3750 circumscriptionesque
633 3662 883 3728 adolescentium
906 3666 1122 3735 nascerentur,
1148 3679 1309 3742 quumque
1331 3664 1440 3722 essent

238 3760 323 3824 vitiis
337 3768 433 3845 atque
453 3763 657 3847 improbitate
677 3760 823 3825 omnibns
846 3759 926 3832 noti,
946 3758 1100 3834 studiose,
1116 3766 1154 3819 ut
1174 3755 1249 3832 dixi,
1266 3754 1308 3816 ad
1329 3774 1440 3816 eornm

238 3880 273 3922 se
296 3858 542 3922 familiaritatem
572 3858 680 3923 multis
707 3858 773 3941 jam
799 3864 874 3920 ante
904 3854 997 3918 annis
1025 3852 1221 3937 Oppianicus
1248 3850 1439 3933 applicaret.

240 3956 354 4041 Itaque
369 3962 438 4018 tum
454 3956 499 4018 sic
514 3956 638 4031 statuit,
656 3976 712 4039 per
727 3954 763 4017 O.
782 3951 974 4028 Fabricium,
990 3972 1065 4013 nam
1081 3950 1118 4012 L.
1134 3955 1204 4011 crat
1221 3953 1375 4021 mortuus,
1392 3945 1438 4007 in·

238 4054 335 4117 sidias
361 4052 484 4117 Habito
510 4072 702 4136 comparare.
758 4050 839 4113 Erat
862 4049 916 4113 illo
940 4055 1083 4131 tempore
1108 4046 1234 4109 infirma
1258 4043 1439 4107 valetudine

239 4150 404 4225 Habitus„
439 4150 603 4213 Utebatur
625 4155 732 4211 autem
754 4147 877 4211 medico
902 4143 1033 4230 ignobili
1057 4143 1113 4206 sed
1137 4148 1285 4226 spectato
1300 4139 1436 4216 homine,

268 4310 480 4374 praetermittere]
501 4308 537 4357 Or
556 4309 587 4356 hs
605 4306 675 4355 could
694 4306 754 4353 bava
772 4306 822 4354 said
856 4304 1020 4353 Ferentinum.

240 4376 405 4439 ‘praeterire’
449 4377 494 4423 See
519 4372 822 4429 Prol’.Ouintio‚c.t,
887 4362 1439 4431 igaetttt]Amanotnouotsormark,but

241 4449 299 4490 note

854 4430 1187 4493 amanetgoodobaruotoe.
1219 4426 1437 4489 See-ignobitem:
1521 4468 1524 4473 .

275 4478 313 4555 ια’.
331 4504 489 4567 ammata]
516 4502 634 4553 uerum
657 4516 685 4549 or
701 4500 821 4548 muium
855 4500 902 4548 Ρη
914 4497 1054 4555 neem.
1071 4497 1095 4543 a.

241 4569 341 4633 (Alatri)
359 4586 408 4619 was
424 4586 439 4619 a
457 4575 522 4617 town
539 4568 567 4617 nt
581 4568 623 4615 the
639 4566 746 4623 Hernici,
764 4580 822 4613 near
