3517 5325
302 461 371 523 222·
626 455 762 522 ORAT.
786 454 877 522 PRO
902 457 945 520 A.
969 455 1175 522 ΟΑΕΟΙΝΑ

302 630 396 705 ratio,
413 650 452 694 ea
466 629 638 707 intellecta,
654 635 742 694 certe
756 627 834 692 nihil
857 628 899 692 ad
921 649 989 692 rem
1006 627 1148 713 pertinet
1173 647 1254 712 quae
1269 626 1436 690 verborum
1457 624 1506 689 vis

302 727 347 792 sit
369 749 408 791 ac
430 727 603 792 nominum.
648 725 729 790 Tam
753 725 915 802 restitues,
940 725 968 789 si
997 733 1074 790 tuus
1107 747 1158 789 me
1183 725 1317 790 libertus
1340 724 1502 808 dejecerit,

303 828 379 891 nulli
401 835 458 892 tuo
483 826 684 913 praepositus
709 826 848 912 negotio,
865 847 962 911 quam
984 825 1011 890 si
1034 831 1221 911 procurator
1244 825 1416 910 dejecerit:
1441 845 1505 887 nou

303 948 366 1012 quo
381 947 490 990 omnes
503 925 570 989 sint
584 935 806 1009 procuratores
820 923 875 1009 qui
897 923 1015 1006 aliquid
1034 923 1137 989 nostri
1161 922 1281 1008 negotii
1304 931 1432 1008 gerunt,
1448 922 1505 986 sed

303 1025 389 1110 quod
403 1023 435 1087 in
451 1024 510 1088 bac
525 1047 560 1088 re
574 1024 682 1109 quaeri
696 1023 774 1087 nihil
787 1023 917 1088 attinet.
954 1022 1034 1086 Tam
1049 1022 1210 1100 restitues,
1227 1021 1255 1084 si
1270 1043 1352 1086 unus
1363 1020 1504 1085 servulus

302 1144 397 1208 quam
411 1120 439 1185 si
452 1120 572 1184 familia
584 1120 699 1186 fecerit
717 1121 882 1185 universa:
906 1142 969 1186 non
990 1142 1053 1205 quo
1076 1119 1161 1184 idem
1185 1119 1230 1185 sit
1254 1120 1398 1184 servulus
1419 1118 1505 1204 quod

302 1219 438 1294 familia3
464 1241 572 1284 verum
594 1219 668 1305 quia
690 1241 754 1282 non
769 1205 884 1303 qdibus
898 1218 1002 1284 verbis
1025 1218 1163 1304 quidque
1184 1218 1309 1282 dicatur
1330 1215 1502 1302 quaeritur;

302 1318 359 1382 sed
374 1339 454 1402 quae
469 1339 521 1382 res
543 1325 670 1402 agatur.
715 1315 825 1381 Etiam
845 1317 882 1396 si,
899 1323 937 1380 ut
953 1316 1079 1402 longius
1103 1338 1123 1380 a
1138 1317 1235 1380 verbo
1252 1315 1446 1392 recedamus,
1462 1315 1504 1378 ab

301 1416 465 1502 aequitate
488 1437 529 1480 ne
553 1415 713 1480 tantulum
736 1415 874 1501 quidem,
898 1415 926 1478 si
949 1422 1024 1478 tuus
1049 1436 1159 1478 servus
1184 1413 1289 1478 nullus
1316 1413 1423 1491 fuerit,
1447 1413 1505 1477 sed

302 1537 413 1581 omnes
426 1515 522 1580 alieni
539 1537 578 1579 ao
594 1514 789 1593 mercenarii,
806 1521 916 1579 umen
937 1522 971 1580 et
994 1513 1054 1600 ipsi
1076 1523 1152 1580 tuae
1174 1513 1312 1578 familiae
1331 1535 1448 1598 genere
1470 1521 1505 1578 et

301 1614 428 1679 nomine
443 1613 699 1678 continebuntur.
746 1611 853 1676 XXI.
877 1611 983 1698 Perge
998 1634 1093 1697 porro
1115 1612 1176 1676 hoc
1199 1611 1283 1676 idem
1298 1610 1504 1674 interdictum

302 1712 413 1798 sequi;
439 1732 633 1774 noururnus
650 1731 802 1774 coneris.
847 1709 1017 1774 Neminem
1039 1710 1199 1795 coegeris:
1224 1709 1285 1795 ipsi
1300 1708 1505 1774 convenerint

301 1831 360 1874 sua
373 1816 498 1893 sponte.
543 1808 639 1874 Certe
663 1809 750 1893 cogit
775 1809 804 1872 is
830 1810 885 1894 qui
911 1816 1087 1896 congregat
1111 1807 1255 1872 homines
1282 1814 1316 1873 et
1339 1816 1502 1872 convocat.

302 1907 414 1972 Coacti
428 1915 505 1971 sunt
518 1905 541 1969 ii
556 1906 609 1992 qui
633 1907 676 1970 ab
698 1907 805 1991 aliquo
830 1918 908 1972 sunt
930 1907 1077 1971 nnumin
1097 1907 1202 1971 locum
1228 1906 1421 1991 congregati.
1468 1906 1503 1970 Si

300 2025 365 2068 non
386 2005 482 2068 modo
505 2003 671 2068 convocati
687 2025 752 2068 non
773 2012 860 2083 sunt,
876 2005 935 2069 sed
954 2027 995 2070 ns
1017 2011 1233 2070 convenerunt
1248 2005 1384 2090 quidem,
1402 2004 1458 2068 sed
1481 2004 1504 2068 ii

301 2103 396 2167 modo
410 2103 538 2166 fuerunt
552 2102 606 2186 qui
621 2101 719 2166 etiam
733 2110 838 2180 antea,
855 2125 919 2168 non
934 2102 981 2168 vis
1005 2110 1042 2167 ut
1059 2105 1160 2182 lieret,
1178 2125 1286 2167 verum
1300 2102 1423 2170 colendi
1445 2110 1504 2166 aut

300 2200 452 2286 pascendi
488 2221 602 2266 caussa
629 2221 700 2264 esse
728 2200 761 2263 in
789 2223 869 2286 agro
908 2211 1147 2280 consueverant,
1180 2201 1330 2266 defendes
1360 2202 1503 2266 homines

301 2307 431 2364 coactos
455 2321 521 2364 non
541 2299 648 2377 luisse,
672 2306 707 2364 et
730 2299 827 2364 verbo
851 2299 978 2384 quidem
1003 2299 1177 2386 superabis,
1203 2321 1254 2363 me
1280 2299 1349 2384 ipso
1369 2299 1499 2384 judice,

299 2419 335 2462 re
349 2405 459 2462 autem
472 2420 513 2463 ne
528 2397 686 2461 consistes
700 2397 827 2482 quidem
849 2397 913 2460 ullo
933 2397 1053 2481 judice.
1100 2397 1177 2462 Vim
1192 2398 1275 2461 enim
1290 2396 1503 2462 multitudinis

300 2495 428 2561 restitui
451 2495 627 2572 voluerunt,
652 2517 716 2559 non
747 2495 851 2559 solum
873 2503 1067 2560 convocatae
1090 2495 1314 2571 multitudinis,
1337 2495 1404 2570 sed,
1427 2494 1503 2580 quia

299 2593 492 2680 plerumque,
508 2593 563 2656 ubi
582 2593 786 2658 multitudine
806 2615 886 2680 opus
907 2602 966 2671 est,
983 2593 1127 2658 homines
1149 2593 1221 2680 cogi
1240 2593 1352 2671 solent,
1369 2592 1440 2656 ideo
1463 2592 1502 2656 de

300 2692 420 2757 coactis
443 2692 657 2779 compositum
678 2691 886 2757 interdictum
911 2701 979 2758 est:
1004 2693 1089 2777 quod
1111 2692 1235 2757 etiamsi
1255 2694 1352 2757 verbo
1376 2692 1502 2756 differre

298 2790 466 2868 videbitur,
482 2813 518 2854 re
532 2798 641 2855 minen
663 2789 726 2854 erit
739 2812 838 2855 unum
859 2798 894 2856 et
918 2791 1065 2855 omnibus
1083 2792 1116 2854 in
1137 2790 1258 2855 caussis
1277 2790 1362 2855 idem
1384 2790 1503 2855 valebit

299 2888 460 2975 inquibus
484 2890 677 2975 perspicitur
697 2910 762 2953 una
779 2897 877 2974 atque
901 2890 1012 2954 eadem
1028 2912 1142 2954 caussa
1161 2888 1341 2975 aequitatis.
1388 2910 1502 2953 asua-

300 3008 411 3050 nava.
457 2986 542 3068 Quid
564 2988 727 3052 dicemusl
771 2988 937 3064 Armatos,
954 2988 981 3052 si
1007 2988 1122 3053 Latine
1144 2987 1230 3073 loqui
1253 2989 1405 3067 volumus,
1422 3010 1503 3073 quos

298 3086 457 3171 appellare
472 3107 544 3149 vere
558 3086 746 3170 possumus?
767 3086 880 3170 opinor
895 3106 951 3149 eos
965 3086 1019 3172 qui
1033 3086 1134 3151 scutis
1145 3087 1280 3172 telisque
1291 3088 1395 3173 parati
1411 3108 1502 3151 orna-

298 3184 387 3268 tique
402 3190 487 3248 sunt.
534 3174 617 3262 Quid
632 3182 753 3267 igitur?
798 3182 833 3247 Si
847 3183 951 3269 glebis
964 3192 1021 3249 aut
1039 3184 1127 3248 saxis
1141 3192 1198 3251 aut
1212 3185 1351 3249 fustibus
1365 3184 1502 3270 aliquem

299 3281 339 3344 de
350 3280 448 3342 tundo
463 3279 669 3365 praecipitem
690 3280 805 3367 egeris,
819 3281 988 3367 jussusque
1003 3282 1048 3346 sis
1062 3304 1158 3368 quem
1178 3282 1356 3347 hominibus
1369 3284 1502 3347 armatis

299 3376 452 3461 dejeceris
466 3377 645 3455 restituere,
659 3377 839 3443 restituisse
853 3386 887 3443 te
903 3378 1013 3445 dicesi
1037 3379 1147 3443 Verba
1161 3380 1187 3445 si
1203 3380 1318 3459 valent,
1329 3380 1356 3444 si
1371 3402 1501 3445 caussas

298 3496 362 3537 non
388 3472 512 3538 ratione
538 3475 594 3538 sed
618 3475 750 3539 vocibus
769 3477 997 3561 ponderantur,
1022 3499 1074 3543 me
1097 3486 1231 3543 auctore
1256 3480 1372 3545 dicito:
1396 3480 1502 3544 vinces

298 3570 449 3658 prolecto,
466 3592 530 3634 non
552 3570 651 3636 luisse
665 3579 808 3637 armatos
827 3595 883 3638 eos
903 3574 958 3659 qui
980 3596 1060 3639 saxa
1081 3577 1236 3661 jacerent,
1252 3599 1333 3661 quae
1352 3576 1392 3641 de
1415 3584 1502 3643 terra

297 3668 358 3755 ipsi
385 3668 543 3747 tollerent,
565 3690 627 3733 non
652 3690 721 3733 esse
747 3692 837 3735 arma
859 3672 1016 3757 caespites
1036 3694 1138 3758 neque
1163 3674 1292 3760 glebas;
1316 3696 1379 3738 non
1404 3675 1501 3740 fuisse

297 3774 440 3833 armatos
454 3766 583 3853 eosqui
605 3775 845 3853 praetereuntes
865 3792 991 3834 ramum
1014 3771 1232 3858 defringerent
1246 3773 1388 3849 arboris;
1413 3795 1503 3838 arma

298 3887 368 3931 esse
382 3866 448 3931 suis
462 3866 651 3945 nominibus,
667 3866 729 3930 alia
743 3868 785 3931 ad
806 3868 991 3953 tegendum,
1008 3868 1070 3933 alia
1087 3871 1128 3934 ad
1152 3870 1336 3950 nocendum,
1353 3892 1432 3957 quae
1448 3872 1502 3956 qui

297 3986 363 4028 non
388 3964 567 4043 habuerint,
594 3986 650 4029 eos
675 3964 814 4029 inermos
838 3966 938 4030 fuisse
961 3966 1076 4032 vinces.
1124 3966 1247 4032 Verum
1272 3968 1426 4055 siquidem
1440 3970 1503 4035 erit

329 4115 370 4162 21.
388 4114 516 4162 Neminem
532 4112 667 4175 meviae]
689 4116 706 4141 ⁴⁴
716 4112 884 4175 Suppoaeyou
917 4114 1047 4163 ‘Vincere'
1057 4116 1124 4164 osten
1135 4131 1218 4165 meana
1228 4124 1254 4167 to
1266 4121 1272 4145 ⁴
1281 4117 1377 4181 proved
1389 4117 1503 4165 olwbidr

297 4176 360 4225 bave
369 4178 476 4239 brought
486 4192 518 4225 no
529 4192 630 4239 persona
637 4177 762 4238 together:
779 4192 885 4240 suppose
916 4179 984 4227 tbere
994 4196 1035 4228 ara
1046 4196 1116 4243 many
1128 4182 1256 4244 examples.

297 4242 672 4320 thepmsembledot'tbeir'own
683 4242 794 4291 accord.’'
863 4307 869 4319 .
947 4246 1065 4307 mquidem
1085 4246 1146 4308 erit]
1164 4246 1296 4333 “siguod
1314 4246 1386 4295 eritz'
1411 4246 1502 4295 Baiter.

298 4308 460 4433 alodii?
478 4306 884 4421 ttttt‘ttttl'ttl·
914 4310 1502 4439 ditttttlttttotttttlttt

330 4451 369 4482 me
384 4440 485 4483 uetere
501 4435 606 4497 ateius]
632 4436 693 4483 'l'bia
711 4452 802 4494 muna,
820 4443 884 4500 ‘you
916 4439 972 4486 aoit
983 4454 1091 4502 appears,
1103 4441 1129 4487 in
1140 4441 1243 4489 orderto
1255 4440 1433 4489 beoontrasted
1443 4441 1503 4488 with

298 4514 354 4561 may
364 4512 405 4561 say
417 4500 438 4547 it
451 4514 484 4547 on
497 4514 538 4561 my
548 4500 669 4563 authority
677 4500 693 4558 ς’
710 4502 789 4550 which
802 4503 824 4549 ia
839 4502 883 4550 tbe
916 4507 1051 4553 'umorum
1059 4505 1193 4566 judicium!
1228 4505 1332 4554 ltianot
1342 4504 1503 4554 atridabout

298 4578 364 4613 nme
380 4578 408 4613 aa
430 4564 460 4612 ⁴1
479 4564 556 4613 admit
572 4565 628 4615 that
643 4580 693 4629 you
710 4581 766 4630 may
784 4582 827 4631 say
844 4566 881 4617 it’
914 4582 987 4627 mma,
1004 4584 1058 4633 says
1075 4569 1166 4629 Cicero,
1184 4570 1229 4620 but
1243 4571 1384 4620 itiaatrial
1400 4570 1504 4619 aborta
