3517 5325
322 455 386 520 314
627 451 762 517 ORAT.
786 450 877 515 PRO
901 451 946 516 A.
970 449 1207 516 OLUENTIO

323 647 384 711 ego
404 621 685 708 apprehenderam,
706 620 818 686 statim
838 629 1008 687 accusator
1023 621 1236 707 extorquebat
1253 642 1272 684 e
1290 621 1449 687 manibus.
1495 621 1538 686 Si

324 721 521 807 quaesieram
555 741 635 805 quae
660 719 846 784 inimicitiae
877 719 1073 784 Scamandro
1101 741 1176 784 cum
1205 718 1340 795 Habito,
1365 719 1539 784 fatebatur

324 819 426 882 nullas
455 815 561 895 luisse,
592 817 651 880 sed
681 817 901 902 Oppianicum,
931 818 1024 902 cujus
1051 817 1104 881 ille
1132 816 1279 880 minister
1306 816 1432 894 luisset,
1455 817 1537 882 huic

324 913 573 979 inimicissimum
595 913 691 978 luisse
709 921 807 999 atque
823 936 894 978 esse
908 915 1046 979 dicebat.
1094 915 1152 978 Sin
1166 922 1274 979 autem
1295 914 1373 978 illud
1390 935 1534 999 egeram,

323 1013 443 1076 nidlnm
474 1013 516 1075 ad
550 1012 779 1076 Scamandrum
803 1020 908 1077 morte
939 1012 1056 1076 Habiti
1085 1018 1254 1076 venturum
1281 1011 1534 1077 emolumentum

324 1112 443 1184 fuisse;
468 1111 671 1188 concedebat,
688 1110 745 1173 sed
763 1110 805 1173 ad
826 1131 958 1174 uxorem
973 1109 1151 1195 Oppianici,
1166 1109 1305 1174 hominis
1323 1110 1357 1173 in
1373 1111 1535 1174 uxoribus

324 1207 475 1273 necandis
486 1207 662 1286 exercitati,
676 1207 781 1272 omnia
789 1207 874 1270 bona
884 1206 1000 1271 Habiti
1015 1207 1256 1272 venturafuisse
1264 1208 1399 1272 dicebat.
1423 1207 1534 1287 Quum

324 1307 378 1370 illa
392 1304 574 1368 defensione
589 1327 666 1368 usus
675 1326 788 1384 essem,
800 1326 882 1390 quaa
892 1305 925 1368 in
940 1304 1160 1370 libertinorum
1170 1306 1292 1369 cauneis
1303 1305 1534 1370 honestissima

324 1427 451 1490 semper
473 1404 657 1468 existimata
672 1411 732 1483 est,
751 1403 979 1467 Scamandrum
1000 1411 1139 1488 patrono
1160 1425 1231 1468 esse
1250 1404 1432 1487 probatum,
1447 1404 1532 1468 late-

325 1505 429 1578 batur,
446 1503 502 1566 sed
517 1501 692 1587 quaerebat
712 1501 762 1566 cui
777 1502 934 1586 probatus
947 1507 1035 1564 esset
1052 1499 1120 1584 ipse
1134 1507 1302 1586 patronus.
1346 1501 1452 1582 Quum
1467 1521 1532 1586 ego

325 1601 467 1685 pluribus
481 1599 586 1662 verbis
599 1599 632 1662 in
647 1621 685 1662 eo
701 1607 917 1663 commoratus
935 1619 1048 1674 essem
1067 1597 1263 1662 Scamandro
1280 1597 1412 1661 insidias
1425 1598 1531 1662 factas

325 1719 395 1762 esse
410 1720 466 1782 per
477 1697 669 1781 Diogenem,
693 1697 970 1779 constitutumque
983 1695 1069 1759 inter
1082 1716 1139 1759 eos
1160 1695 1224 1759 alia
1245 1696 1286 1759 de
1302 1717 1338 1760 re
1359 1695 1467 1770 luisse,
1489 1702 1531 1759 ut

325 1795 598 1868 medicamentum,
623 1815 687 1856 non
713 1815 869 1858 venenum
899 1792 1063 1876 Diogenes
1085 1793 1222 1871 afferret,
1249 1793 1310 1857 hoc
1339 1792 1439 1856 cuivis
1466 1813 1530 1856 usu

272 1923 283 1942 ·
325 1893 431 1960 venire
446 1913 561 1978 posse;
586 1892 761 1977 quaerebat
783 1913 839 1956 cur
854 1891 887 1954 in
902 1890 1059 1974 ejusmodi
1080 1890 1193 1969 locum,
1217 1899 1286 1954 tam
1300 1889 1454 1967 abditum,
1470 1911 1531 1954 cur

325 1991 419 2068 solus,
447 2011 503 2052 cur
532 2011 604 2052 cum
630 1988 799 2074 obsignata
827 1988 961 2073 pecunia
989 1988 1139 2052 venisset.
1197 1988 1345 2072 Denique
1372 1987 1529 2052 hocloco

325 2108 437 2151 caussa
450 2087 596 2164 testibus,
613 2085 844 2150 honestissimis
858 2085 1047 2161 hominibus,
1062 2086 1276 2170 premebatur.
1323 2087 1372 2150 M.
1388 2086 1529 2151 Baebius

325 2185 365 2248 de
382 2207 440 2248 suo
456 2183 586 2248 consilio
605 2184 782 2267 Diogenem
797 2191 951 2268 emptum,
966 2205 1002 2247 se
1018 2190 1186 2267 praesente
1209 2184 1438 2248 Scamandrum
1454 2206 1530 2248 curn

325 2305 445 2348 veneno
459 2281 653 2368 pecuniaque
668 2281 977 2366 deprehensumesse
986 2280 1123 2345 dicebat.
1167 2280 1207 2344 P.
1221 2279 1392 2360 Quintilius
1408 2279 1529 2358 Vama,

325 2382 419 2444 homo
437 2401 560 2443 summa
578 2378 728 2464 religione
752 2386 786 2442 et
803 2400 927 2442 summa
948 2379 1145 2444 anctoritate
1163 2379 1336 2463 praeditus,
1352 2379 1392 2441 de
1406 2378 1530 2444 insidiis

325 2499 405 2562 quae
420 2477 534 2541 fierent
557 2475 688 2553 Habito,
704 2477 791 2540 etde
813 2476 1037 2541 sollicitatione
1058 2475 1213 2561 Diogenis
1233 2476 1356 2540 recenti
1370 2498 1406 2539 re
1418 2497 1531 2540 secum

326 2574 555 2662 Oleophantum
580 2574 722 2640 locutum
744 2595 815 2639 esse
834 2573 970 2639 dicebat.
1017 2574 1126 2659 Atque
1151 2572 1183 2636 in
1209 2573 1263 2638 illo
1286 2573 1407 2658 judicio
1430 2595 1530 2659 qnam

327 2672 554 2737 Scamandrum
577 2694 636 2736 nos
669 2672 836 2737 defendere
868 2672 1055 2750 videremur,
1083 2672 1179 2735 verbo
1204 2671 1258 2736 ille
1286 2693 1360 2735 reus
1389 2684 1468 2749 erat,
1490 2694 1530 2736 re

325 2771 452 2855 quidem
471 2792 546 2834 vera
568 2777 603 2833 et
627 2770 768 2855 periculo
785 2776 857 2833 tota
878 2768 1081 2833 accnmtione
1098 2768 1304 2853 Oppianicus.
1360 2766 1473 2853 Neque
1493 2770 1530 2833 id

325 2869 458 2933 obscure
487 2868 611 2933 ferebat
641 2890 700 2932 nec
729 2866 927 2931 dissimulare
955 2866 1020 2929 ullo
1041 2866 1135 2929 modo
1158 2874 1307 2951 poterat;
1331 2866 1444 2931 aderat
1466 2868 1530 2931 fre-

325 2988 433 3051 quens,
458 2966 645 3041 advocabat,
671 2964 757 3027 orani
783 2962 892 3027 studio
910 2962 1077 3048 gratiaque
1095 2965 1280 3049 pugnabat:
1304 2972 1475 3048 postremo,
1494 2964 1530 3028 id

324 3064 409 3149 quod
435 3063 573 3127 maximo
598 3063 682 3126 malo
707 3061 751 3123 illi
777 3080 909 3123 caussae
927 3060 999 3137 fuit,
1019 3060 1082 3124 hoc
1103 3061 1173 3146 ipso
1194 3062 1228 3124 in
1246 3062 1326 3137 loco,
1342 3062 1433 3147 quasi
1453 3084 1530 3127 reus

324 3162 392 3247 ipse
406 3168 501 3236 esset,
524 3160 669 3223 sedebat.
715 3157 808 3220 Oculi
831 3157 970 3220 omniurn
987 3157 1133 3242 judicum
1153 3178 1218 3222 non
1240 3159 1273 3223 in
1295 3159 1529 3224 Scamandrum

324 3259 380 3325 sed
405 3259 437 3321 in
460 3256 669 3341 Oppianicum
690 3254 959 3337 conjiciebantnr:
992 3255 1089 3319 timor
1112 3256 1191 3339 ejus,
1218 3256 1427 3342 perturbatio,
1457 3280 1527 3322 sus-

324 3374 442 3439 pensus
459 3352 663 3435 incertusque
679 3352 795 3428 vultus,
809 3352 921 3415 erebra
935 3351 1051 3415 coloris
1065 3353 1211 3431 mutatio,
1228 3376 1310 3439 quae
1323 3362 1416 3419 erant
1430 3364 1528 3425 antea

325 3449 507 3533 suspiciosa,
535 3450 613 3513 haec
642 3455 755 3534 aperta
783 3469 820 3512 ac
846 3449 1017 3514 manifesta
1042 3450 1212 3515 iaciebant.
1257 3453 1344 3515 XX.
1368 3454 1472 3534 Quum
1492 3454 1526 3517 in

325 3546 490 3611 consilium
500 3545 538 3608 iri
554 3552 726 3631 oporteret,
743 3546 901 3631 quaesivit
915 3548 956 3611 ab
971 3570 1026 3611 reo
1042 3547 1079 3611 O.
1093 3546 1119 3611 J
1119 3548 1213 3613 unius
1226 3550 1387 3634 quaesitor
1401 3550 1527 3636 exlege

324 3644 377 3709 illa
393 3643 547 3721 Cornelia,
564 3666 644 3729 quae
660 3652 823 3721 tumeret,
839 3645 921 3709 clam
935 3668 976 3709 an
992 3646 1096 3731 palam
1119 3647 1159 3710 de
1180 3669 1215 3711 se
1237 3648 1430 3713 sententiam
1450 3648 1527 3712 ferri

324 3816 382 3880 quid
392 3818 398 3841 '
410 3817 431 3865 is
442 3816 509 3864 olten
524 3822 569 3879 put
585 3816 623 3863 for
639 3821 646 3844 ⁴
655 3816 779 3880 qnidqus,'
794 3817 871 3865 which
889 3817 911 3864 is
975 3820 1017 3865 20.
1033 3820 1060 3865 ia
1071 3820 1198 3866 malliam
1205 3820 1251 3881 iri]
1271 3824 1287 3847 ‘⁴
1296 3820 1529 3869 Whenitmtims

324 3889 394 3930 nota
407 3882 469 3943 good
480 3882 539 3929 kind
550 3882 578 3929 of
592 3882 754 3943 explanation.
789 3882 838 3929 But
855 3882 912 3929 itis
944 3881 1209 3941 lirtba‘judicea'to
1224 3884 1363 3943 deliberata,
1379 3890 1406 3933 to
1422 3892 1529 3933 comato

324 3954 378 3995 true
391 3948 444 3994 that
460 3947 609 4010 ‘quidquid,'
629 3947 707 3993 which
726 3948 748 3994 is
768 3946 855 4009 ‘quid'
876 3961 915 3993 re·
948 3945 1080 3993 therote.”

324 4012 572 4074 peoted,isproperly
585 4011 643 4059 used
656 4012 720 4059 here.
977 4010 1113 4072 writer]
1132 4010 1161 4059 C.
1172 4010 1375 4061 Juniuswastbe
1390 4014 1480 4075 judge;
1496 4013 1529 4061 hs

357 4078 403 4124 loc
414 4077 478 4137 loco]
498 4077 528 4123 ln
540 4077 588 4125 this
599 4082 654 4137 part
665 4075 693 4122 ol
705 4076 748 4123 the
758 4090 813 4123 mse
822 4075 854 4123 he
864 4088 912 4122 was
944 4074 1055 4135 presidod
1066 4081 1092 4121 st
1106 4076 1149 4123 tha
1164 4076 1227 4123 trial.
1262 4078 1328 4139 (Vol
1340 4078 1362 4125 1.
1373 4078 1429 4125 Act.
1441 4079 1458 4125 i.
1469 4094 1490 4126 e.
1503 4082 1528 4135 9,

324 4140 383 4189 hard
396 4141 492 4203 pressed
504 4140 535 4201 by
548 4140 588 4187 the
605 4141 737 4195 witnesses,
755 4155 812 4187 men
827 4139 855 4186 ol
870 4139 913 4186 tho
947 4138 1071 4199 lO,note.)
1093 4140 1165 4187 Klotz
1173 4140 1284 4190 observes
1295 4142 1439 4191 thatitisol
1445 4158 1529 4191 course

324 4205 379 4253 bsst
397 4206 727 4253 charactera—‘accusatione
740 4203 755 4253 :'
785 4204 826 4251 tha
843 4218 911 4251 corn-
942 4203 1091 4251 understood
1109 4205 1164 4251 that
1181 4206 1327 4267 ‘quaesivit'
1341 4208 1363 4254 is
1377 4214 1404 4255 to
1422 4207 1453 4254 be
1470 4221 1529 4254 oon-

324 4284 382 4317 mon
393 4270 491 4330 reading
505 4270 526 4317 is
543 4273 583 4316 ‘et
598 4267 766 4323 accusatione,'
783 4268 828 4315 bnt
842 4268 867 4315 S.
880 4267 911 4314 Τ.
943 4268 1029 4315 nected
1049 4268 1107 4315 with
1125 4274 1171 4317 ‘ex
1190 4269 1243 4331 lega
1257 4270 1386 4319 Cornelia'
1420 4271 1474 4319 'Ibe
1489 4286 1528 4318 re·

324 4335 384 4380 omit
393 4334 435 4380 tho
447 4338 487 4380 ‘et
495 4333 510 4389 ;’
523 4333 570 4379 and
581 4347 608 4380 so
625 4334 668 4379 the
685 4332 821 4394 opposition
837 4332 857 4381 is
869 4332 911 4379 ba·
945 4332 1012 4379 marl
1024 4332 1052 4379 of
1060 4332 1145 4381 Cioaso
1154 4334 1233 4382 shows
1244 4335 1299 4382 that
1308 4336 1358 4383 this
1369 4336 1432 4391 Ias,
1440 4351 1468 4383 or
1478 4335 1529 4387 this

323 4403 401 4445 tarsen
425 4398 528 4445 ‘rabo'
545 4397 593 4443 and
610 4401 651 4445 ‘rs
666 4412 722 4445 vera
741 4402 766 4443 et
783 4396 908 4458 periculo,’
942 4403 997 4458 part
1014 4396 1043 4445 ot
1064 4399 1085 4445 it
1106 4398 1184 4447 which
1208 4414 1269 4460 gave
1292 4398 1335 4447 the
1358 4400 1460 4449 meunt
1486 4399 1528 4447 tbe

324 4462 372 4509 aad
382 4466 388 4489 ‘
398 4466 449 4509 tota
460 4459 626 4509 comsationa'
638 4462 712 4509 refers
723 4468 750 4509 to
761 4460 822 4513 toth
834 4476 911 4511 mem-
943 4476 1023 4524 powar
1033 4461 1061 4509 ai
1069 4462 1157 4524 bavirg
1167 4463 1210 4512 tha
1220 4465 1369 4513 vomam
1378 4466 1489 4527 mady,
1499 4479 1529 4512 or

324 4525 417 4573 bercol
426 4526 592 4576 thamntsnas
604 4524 735 4587 (Classen).
942 4527 1039 4588 openly,
1051 4527 1299 4590 hadbeanrspasled.
