3517 5325
730 462 832 528 OAP.
855 464 994 527 21-23.
1400 456 1460 523 441

264 633 386 719 Auget,
416 634 516 712 addit,
546 632 743 698 accumulat:
777 654 908 711 annun,
934 652 1128 697 haesurum
1159 652 1205 694 ax
1235 652 1386 707 rnsuns,
1417 651 1463 693 ux

265 756 447 809 mannans,
480 754 523 795 aa
553 754 758 809 conousnro,
789 755 837 795 an
867 752 1093 799 ouoscuueun
1125 750 1311 807 rnnvnmr,
1343 749 1462 795 nunna

264 852 432 893 assarna
450 852 512 893 usn
533 851 571 892 ru
593 850 774 904 ruaarcma,
796 850 913 896 uacua
932 850 968 891 ru
986 846 1207 890 uouunuuro
1223 846 1461 901 consuaserunt,

263 927 297 991 id
312 929 455 1012 profiteri
477 929 562 1012 apud
584 928 777 991 decemviros
798 928 895 991 etad
918 948 973 991 eos
992 927 1110 990 referre
1122 924 1224 1008 jubet.
1271 922 1344 986 Hoc
1359 922 1464 1006 capite

264 1025 362 1088 etiam
388 1024 607 1110 quaestionem
631 1026 671 1088 de
697 1023 879 1088 clarissimis
902 1024 987 1101 viris,
1015 1023 1067 1108 qui
1090 1021 1198 1107 populi
1222 1020 1357 1083 Romani
1382 1019 1465 1082 bella

264 1129 441 1207 gesserunt,
454 1121 672 1209 judiciumque
686 1122 726 1184 de
741 1120 884 1206 pecuniis
898 1120 1082 1205 repetundis
1096 1119 1137 1182 ad
1152 1118 1347 1181 decemviros
1361 1124 1464 1181 traus-

264 1219 365 1282 latum
388 1219 512 1282 videtis.
557 1218 682 1282 Horum
707 1218 769 1282 erit
796 1217 945 1303 [nullum]
970 1217 1124 1301 judicium
1150 1222 1288 1300 quantae
1312 1215 1465 1299 cujusque

264 1316 432 1379 manubiae
454 1315 581 1393 fuerint,
607 1316 681 1400 quid
704 1316 850 1391 relatum,
875 1316 951 1400 quid
971 1316 1130 1379 residuum
1149 1314 1203 1377 sit.
1248 1313 1465 1397 inposterum

265 1434 340 1477 vero
363 1414 416 1476 lex
438 1414 517 1477 haec
540 1412 784 1497 imperatoribus
798 1413 912 1477 vestris
935 1412 1142 1477 constituitur
1160 1422 1206 1487 ut,
1222 1411 1409 1495 quicumque
1425 1410 1465 1473 de
1556 1476 1558 1483 ,

265 1509 428 1594 provincia
456 1510 639 1583 decesserit,
669 1510 753 1594 apud
782 1510 910 1573 eosdem
940 1510 1135 1574 decemviros
1165 1516 1318 1592 quantum
1348 1508 1466 1569 habeat

266 1607 411 1691 praedae,
432 1606 660 1684 manubiarum,
676 1607 746 1669 auri
772 1606 937 1683 coronarii,
961 1606 1160 1691 profiteatur.
1207 1605 1271 1668 Hic
1294 1612 1403 1668 tammr
1419 1603 1466 1666 vir

266 1703 406 1787 optimus
420 1726 492 1767 eum
508 1724 601 1787 quem
616 1710 705 1767 amat
718 1703 848 1788 excipit,
866 1703 923 1767 (ln.
942 1702 1138 1787 Pompeium.
1184 1699 1281 1765 Unde
1301 1702 1362 1765 iste
1377 1722 1466 1763 amor

266 1808 333 1865 tum
355 1801 544 1886 improvisus
558 1823 596 1865 ac
611 1808 680 1864 tam
694 1801 899 1886 repentinus!
944 1800 1005 1880 Qui
1028 1800 1147 1863 honore
1167 1800 1397 1863 decemviratus
1411 1820 1465 1861 ex-

266 1898 404 1962 cluditur
432 1906 530 1983 prope
554 1899 759 1971 nominatim
792 1899 882 1982 cujus
904 1898 1058 1983 judicium
1081 1898 1246 1981 legumque
1270 1896 1368 1971 datie,
1393 1917 1466 1981 cap-

265 2002 373 2059 torum
394 2017 544 2080 agromm
563 1996 661 2080 ipsius
676 1996 795 2060 virtute
814 1996 954 2081 cognitio
978 1995 1120 2069 tollitur;
1146 1995 1237 2079 cujus
1259 2016 1322 2057 non
1345 1994 1376 2055 in
1395 2014 1466 2078 pro-

266 2093 411 2170 vinciam,
428 2094 484 2156 sed
501 2093 533 2157 in
548 2094 617 2177 ipsa
632 2100 739 2157 castra
753 2092 922 2156 decemviri
939 2114 1011 2157 cum
1026 2092 1166 2178 imperio,
1184 2092 1307 2155 infinita
1322 2090 1464 2175 pecunia,

266 2190 404 2252 maxima
419 2197 581 2274 potestate
599 2198 633 2254 et
651 2189 771 2273 judicio
786 2212 891 2252 rerum
907 2189 1045 2253 omnium
1060 2190 1252 2260 mittuntur;
1278 2189 1327 2251 cui
1340 2190 1394 2271 jus
1410 2187 1467 2251 im-

266 2288 468 2371 peratorium,
494 2288 578 2372 quod
600 2308 726 2371 semper
748 2287 893 2349 omnibus
910 2287 1154 2371 imperatoribus
1169 2294 1219 2349 est
1235 2292 1465 2354 conservatum,

266 2384 326 2447 soli
341 2384 492 2469 eripitur,
518 2383 546 2445 is
560 2385 717 2468 excipitur
730 2406 813 2446 unus
827 2405 867 2447 ne
883 2384 1048 2445 manubias
1063 2385 1180 2445 referre
1196 2382 1321 2445 debeat.
1345 2380 1467 2443 Utrum

267 2482 396 2544 tandem
411 2481 470 2543 hoc
486 2482 590 2563 capite
605 2481 706 2543 honos
720 2479 829 2541 haberi
844 2479 963 2541 homini
979 2500 1020 2541 an
1035 2479 1151 2541 invidia
1166 2477 1274 2562 quaeri
1290 2478 1435 2541 videtur?

312 2575 456 2638 XXlll.
481 2574 633 2639 Remittit
654 2577 715 2638 hoc
732 2574 826 2638 Rullo
842 2574 902 2637 On.
917 2575 1105 2658 Pompeius:
1130 2574 1283 2637 beneficio
1299 2574 1361 2639 isto
1375 2575 1464 2659 legis,

267 2674 464 2759 benignitate
480 2674 678 2738 decemvirali
704 2673 785 2737 nihil·
802 2675 914 2738 utitur.
963 2673 1045 2736 Nam
1061 2673 1088 2736 si
1104 2681 1153 2737 est
1167 2695 1303 2757 aequum
1319 2675 1467 2758 praedam

266 2793 305 2835 ac
320 2772 485 2834 manubias
499 2793 572 2835 suas
586 2772 794 2857 imperatores
809 2794 872 2836 non
887 2773 919 2834 in
934 2777 1138 2835 monumenta
1155 2772 1286 2835 deorum
1307 2773 1467 2835 immorta-

266 2871 343 2933 lium
357 2893 459 2955 neque
481 2870 513 2933 in
530 2867 630 2934 Urbis
653 2878 840 2934 ornamenta
863 2869 1016 2945 conferre,
1033 2869 1089 2932 sed
1110 2869 1151 2932 ad
1174 2870 1367 2934 decemviros
1387 2879 1467 2934 tam-

267 2989 362 3050 quam
376 2968 418 3030 ad
433 2967 576 3030 dominos
593 2975 757 3052 reportare
780 2967 856 3029 nihil
878 2966 939 3030 sibi
961 2964 1085 3052 appetit
1099 2967 1268 3051 praecipue
1285 2967 1465 3052 Pompeius,

267 3065 364 3140 uihil;
389 3065 457 3129 vult
475 3087 509 3127 se
532 3063 564 3127 in
588 3064 747 3128 communi
766 3071 863 3148 atque
878 3063 912 3126 iu
927 3063 1037 3127 eodem
1053 3085 1115 3147 quo
1133 3063 1230 3128 ceteri
1250 3065 1324 3148 jure
1339 3065 1466 3128 versari.

269 3161 326 3225 Sin
349 3169 400 3225 est
422 3161 573 3246 iniquum,
592 3161 743 3247 Quirites,
768 3161 796 3224 si
818 3169 923 3246 turpe,
946 3161 973 3224 si
996 3159 1236 3237 intolerandum,
1261 3161 1319 3225 hos
1343 3163 1466 3225 decem-

267 3259 351 3323 viros
372 3259 546 3344 portitores
568 3260 717 3323 omnibus
737 3259 877 3323 omnium
892 3257 1033 3343 pecuniis
1048 3257 1210 3335 constitui,
1227 3259 1358 3344 quinon
1373 3258 1467 3323 modo

300 3432 400 3480 Horam
419 3435 468 3480 erit
484 3434 591 3496 nattum]
611 3432 745 3480 ‘Nullum’
761 3435 850 3481 cannot
883 3431 972 3480 Baiter.
1007 3431 1115 3480 Isceno
1125 3446 1210 3479 reason
1222 3431 1259 3480 lor
1269 3431 1311 3480 the
1322 3433 1420 3495 change.

266 3495 381 3557 baright
415 3498 496 3544 Baiter
511 3497 604 3546 follows
620 3497 850 3554 Laursdanus,rrho
912 3497 1229 3559 portitores-escutiant,]
1248 3497 1471 3546 Theoollectorsol

267 3567 376 3622 suggesta
388 3562 489 3608 ‘horum
505 3564 551 3610 erit
569 3563 651 3618 nunc,'
663 3563 701 3610 for
717 3561 812 3610 ‘nunc'
829 3563 850 3608 ia
883 3561 1068 3608 tollsexamined
1074 3561 1466 3622 goods,baggage,andtrarellersz

268 3625 310 3670 the
329 3625 386 3685 only
397 3626 462 3671 word
476 3627 530 3672 tbat
540 3641 624 3674 accius
634 3632 660 3673 to
679 3627 729 3674 him
741 3627 850 3674 whichia
884 3626 940 3686 they
951 3626 1090 3686 rummagcd
1102 3626 1165 3672 their
1181 3626 1262 3684 things
1279 3627 1326 3673 and
1341 3627 1402 3673 their
1412 3643 1467 3688 per-

267 3693 312 3734 not
319 3689 477 3735 inconsistent
487 3691 544 3736 nith
556 3691 599 3737 the
610 3705 679 3737 sense
689 3691 736 3737 aad
748 3691 851 3736 thecha-
885 3705 949 3745 sons,
967 3695 992 3736 to
1009 3689 1059 3734 find
1071 3695 1114 3736 out
1130 3689 1150 3734 it
1164 3689 1221 3750 they
1232 3705 1293 3736 wera
1309 3691 1410 3751 evading
1425 3692 1468 3738 ths

267 3757 364 3798 ractera.
398 3752 454 3798 Ido
464 3759 509 3799 not
523 3754 593 3799 think
610 3753 852 3800 tbat‘nunc'istbc
885 3753 948 3800 tolls.
965 3753 1025 3798 This
1035 3767 1083 3798 aaa
1094 3752 1168 3798 called
1181 3755 1318 3808 ‘excutere'
1330 3755 1376 3799 and
1386 3755 1405 3800 is
1415 3755 1468 3801 well

268 3815 340 3862 word.
374 3815 506 3862 Lambinus
518 3817 564 3862 had
576 3821 602 3863 at
616 3817 694 3870 home,
710 3832 736 3863 as
747 3817 778 3862 ba
789 3831 851 3876 says,
885 3816 1006 3862 knownto
1017 3829 1053 3861 us.
1086 3815 1165 3861 These
1176 3830 1240 3861 same
1251 3816 1364 3876 pestilent
1378 3817 1468 3865 follows

268 3893 299 3927 an
310 3879 398 3925 edition
415 3879 493 3926 which
508 3879 556 3926 had
573 3880 661 3926 ‘illud’
672 3881 710 3927 lor
726 3879 851 3925 ‘nullum'
885 3879 939 3925 who
950 3879 1036 3939 plague
1048 3879 1131 3938 people
1143 3892 1195 3924 now
1207 3879 1308 3939 plagued
1319 3879 1385 3926 them
1399 3881 1468 3928 nine·

269 3943 394 3991 Gebhardt
415 3944 493 3990 would
510 3943 571 3991 have
591 3949 671 3991 ‘nunc
691 3943 777 4001 inud;’
804 3943 853 3989 aud
885 3947 941 3989 teeu
957 3941 1065 3988 hundred
1087 3955 1155 4002 years
1176 3955 1229 4002 ago.
1245 3951 1248 3959 ’
1265 3942 1376 3990 Plutarch
1398 3945 1467 4054 q'rrspl

268 4007 322 4056 that
333 4023 388 4069 may
398 4006 429 4054 bc
438 4007 512 4068 right
686 4041 691 4046 -
885 4003 1031 4068 πολπραγ.)
1050 4005 1093 4052 has
1111 4021 1126 4051 a
1142 4005 1186 4052 few
1203 4006 1279 4053 words
1301 4007 1376 4054 about
1392 4013 1403 4054 t
1421 4023 1467 4057 em.

301 4071 510 4132 rescindebant]
530 4071 559 4118 u.
570 4071 615 4118 has
628 4075 636 4098 ⁴
642 4070 745 4132 jubeat,'
755 4069 853 4118 whence
884 4069 952 4131 'l'hcy
963 4068 1010 4116 had
1022 4068 1063 4115 the
1077 4069 1249 4131 impertinencc
1264 4075 1290 4117 to
1306 4085 1369 4132 open
1385 4073 1468 4120 lettera

269 4137 385 4185 Graevius
396 4135 524 4183 concludes
534 4135 589 4182 that
599 4136 641 4183 the
651 4136 750 4197 reading
765 4135 852 4182 should
885 4133 975 4196 (Plaut.
992 4133 1101 4180 Trinum.
1120 4134 1153 4180 iii.
1171 4135 1195 4190 ³,
1212 4135 1255 4196 65)
1273 4135 1321 4182 lilrc
1337 4151 1352 4182 a
1367 4137 1468 4184 modern

268 4201 300 4248 be
320 4199 462 4261 ‘jubeatur,'
481 4200 519 4246 ior
536 4200 578 4246 the
595 4200 641 4247 last
660 4201 742 4247 lettera
761 4199 790 4246 of
802 4199 852 4247 this
885 4196 1118 4258 secretaryofstate.
1148 4197 1242 4246 Horace
1254 4198 1315 4260 (Sat.
1327 4200 1343 4245 i.
1356 4202 1379 4247 3.
1392 4217 1414 4248 ν.
1426 4203 1467 4258 36,

268 4265 333 4313 word
345 4265 404 4311 have
415 4264 477 4311 been
488 4263 635 4320 ‘absorbed,'
648 4265 668 4310 it
684 4265 706 4312 is
728 4265 766 4312 his
777 4263 851 4322 word,
885 4261 1030 4310 Macleane's
1041 4261 1091 4324 ed.)
1103 4261 1147 4309 has
1159 4267 1197 4310 'te
1208 4264 1286 4324 ipsum
1298 4263 1423 4312 Concae!
1435 4287 1439 4294 ¹

268 4329 301 4391 by
312 4329 353 4376 the
364 4329 485 4388 following
494 4328 683 4375 uord‘utrum.’
917 4327 956 4374 All
975 4327 1024 4372 this
1040 4326 1091 4372 talk
1107 4327 1135 4373 of
1154 4327 1237 4375 Cicero
1254 4327 1332 4376 shows
1352 4331 1415 4376 what
1436 4345 1468 4378 an

300 4397 340 4441 23.
358 4394 472 4440 Remittat
482 4393 539 4454 tce]
559 4392 606 4440 Cn.
624 4392 750 4454 Pompeius
765 4393 852 4453 rejects
884 4391 982 4438 humble
993 4391 1057 4438 slave
1072 4389 1102 4438 hc
1113 4405 1161 4438 rras
1177 4397 1203 4438 to
1219 4392 1346 4454 Pompeius
1362 4395 1409 4440 and
1426 4394 1469 4442 tha

269 4456 364 4504 Rullua'
375 4457 450 4504 offer:
468 4457 499 4503 ha
512 4457 561 4504 will
578 4461 622 4504 not
640 4462 723 4517 accept
740 4456 852 4503 sabatha
884 4455 1013 4502 auoeesaiul
1029 4455 1136 4516 generals
1156 4455 1183 4502 ol
1196 4457 1280 4504 Rome.
1313 4457 1392 4505 These
1403 4473 1467 4516 men,

269 4520 556 4585 adm-‘praecipuae'
584 4519 738 4584 ‘praecipui'
766 4520 851 4580 Orelli,
883 4519 933 4568 lilia
944 4519 974 4568 L.
983 4519 1108 4579 Lucullus,
1120 4519 1158 4570 Cu
1170 4519 1307 4584 Pompeius,
1318 4522 1367 4570 aud
1377 4523 1467 4582 others,
