3517 5325
329 470 370 533 ao
661 461 796 531 oaur.
820 451 912 527 rao
944 460 983 527 r.
1007 458 1205 545 quinum

328 658 451 703 summo
473 636 544 723 jure
566 635 785 720 experiretur?
829 630 925 697 Itane
945 634 1015 697 eset
1037 628 1123 718 quod
1137 626 1196 696 viri
1220 626 1333 716 optimi
1354 632 1485 713 iaciunt,
1507 634 1531 699 ii

328 736 382 821 qui
406 756 480 798 suos
501 734 696 819 propinquos
718 753 757 795 ao
781 730 976 794 necessarios
999 751 1090 794 caros
1111 736 1145 794 et
1168 731 1321 794 honestos
1342 752 1412 795 esse
1431 740 1530 818 atque

328 831 436 895 haberi
456 830 573 907 volunt,
596 830 629 893 id
653 830 727 893 Sex.
752 827 890 891 Naevius
912 848 975 890 nou
999 827 1130 906 iaceret,
1158 828 1212 913 qui
1237 849 1338 913 usque
1367 850 1405 891 eo
1427 828 1531 894 fervet

327 930 490 1015 ferturque
505 928 646 1005 avaritia,
663 934 700 991 ut
715 923 754 989 de
770 925 836 989 suis
852 926 1026 989 commodis
1040 926 1177 1009 aliquam
1197 932 1322 1009 partem
1343 926 1422 990 nolit
1436 928 1530 992 amit·

327 1034 407 1104 tere,
433 1049 473 1089 ne
497 1046 592 1109 quam
609 1036 733 1109 partem
752 1022 826 1086 buie
851 1022 1026 1107 propinquo
1048 1044 1106 1085 suo
1124 1022 1218 1085 ullius
1238 1024 1416 1087 ornamenti
1435 1024 1529 1088 relin-

327 1127 426 1209 quat?
470 1120 516 1185 Et
551 1122 579 1185 is
614 1121 780 1205 pecuniam
815 1118 842 1183 si
877 1140 940 1204 qua
974 1120 1145 1182 deberetur
1182 1140 1246 1182 non
1286 1126 1424 1204 peteret,
1463 1120 1527 1206 qui,

327 1221 409 1305 quia,
427 1219 512 1305 quod
527 1218 669 1282 debitum
684 1237 856 1301 numquam
876 1222 936 1293 est,
957 1214 990 1278 id
1005 1213 1116 1279 datum
1130 1237 1194 1279 non
1209 1222 1268 1291 est,
1284 1239 1349 1280 nou
1364 1218 1530 1303 pecuniam

326 1318 430 1392 modo,
446 1316 666 1379 verumetiam
680 1314 815 1377 hominis
841 1312 1008 1398 propinqui
1031 1312 1217 1396 sanguinem
1232 1312 1391 1399 vitamque
1406 1316 1529 1399 eripere

327 1414 481 1477 conaturi
526 1412 612 1475 Huic
642 1419 678 1475 tu
707 1410 861 1474 molestus
886 1428 956 1473 esse
979 1408 1125 1473 videlicet
1150 1408 1288 1488 noluisti,
1321 1432 1414 1494 quem
1442 1434 1528 1475 nune

325 1511 481 1595 respirare
503 1510 600 1573 libere
631 1530 695 1572 non
720 1507 820 1571 sinist
864 1508 968 1587 Quem
990 1501 1074 1569 nune
1092 1505 1269 1569 interficere
1288 1508 1407 1570 nefarie
1427 1508 1526 1592 cupis,

326 1626 399 1670 eum
414 1616 483 1669 tum
502 1606 656 1689 pudenter
680 1602 836 1687 appellare
861 1603 1013 1667 nolebas!
1058 1600 1111 1665 Ita
1133 1602 1250 1667 oredo:
1274 1603 1433 1667 hominem
1455 1627 1528 1689 pro-

326 1702 487 1787 pinquum,
504 1702 551 1764 tui
567 1701 796 1775 observantem,
812 1698 914 1761 virum
929 1700 1055 1777 bonum,
1072 1699 1254 1783 pudentem,
1270 1700 1423 1783 majorem
1438 1708 1525 1780 natu,

325 1799 457 1861 nolebas
471 1804 528 1860 aut
542 1817 606 1859 non
620 1794 760 1858 audebas
771 1792 950 1879 appellare;
974 1816 1077 1879 saepe,
1094 1802 1132 1859 ut
1146 1795 1192 1874 lit,
1210 1818 1307 1880 quum
1321 1796 1389 1881 ipse
1404 1805 1438 1861 te
1453 1820 1528 1861 eon-

325 1896 492 1971 firmasses,
524 1911 621 1977 quum
646 1892 814 1956 statuisses
844 1892 885 1955 de
913 1893 1046 1976 pecunia
1070 1892 1263 1955 mentionem
1291 1893 1406 1971 faeere,
1431 1916 1529 1979 quum

326 1998 457 2076 paratus
477 1989 710 2073 meditatusque
730 1988 879 2066 venisses,
905 1988 1000 2051 homo
1016 1987 1154 2065 timidus,
1170 1987 1313 2074 virginali
1329 1992 1525 2071 verecundia,

326 2088 433 2152 subito
449 2088 515 2171 ipse
530 2092 563 2151 te
586 2084 767 2159 retinebas;
792 2084 961 2148 excidebat
980 2090 1112 2169 repente
1136 2086 1257 2159 orati0;
1282 2108 1380 2171 quum
1394 2110 1527 2173 cuperes

325 2184 492 2271 appellare,
521 2204 584 2246 non
613 2182 752 2246 audebas
781 2200 821 2244 ne
850 2180 969 2245 invitus
997 2181 1132 2245 audiret.
1194 2180 1233 2245 ld
1263 2190 1334 2247 erat
1369 2184 1525 2268 profecto.

327 2280 413 2344 XII.
437 2280 612 2344 Credamus
637 2278 706 2357 hoo,
738 2276 812 2342 Sex.
836 2274 1000 2354 Naevium,
1028 2280 1120 2363 eujus
1145 2286 1242 2363 eaput
1265 2288 1433 2365 oppugnet,
1457 2282 1527 2366 ejus

324 2378 454 2443 auribus
488 2376 675 2464 pepercisse.
736 2374 770 2438 Si
809 2374 981 2453 debuisset,
1019 2374 1126 2455 Sexte,
1156 2376 1292 2467 petisses
1330 2377 1460 2450 statim
1498 2378 1526 2442 si

324 2496 388 2539 non
418 2476 536 2552 statim,
567 2472 672 2559 paullo
695 2470 821 2557 quidem
851 2478 944 2555 post3
980 2472 1008 2535 si
1036 2494 1101 2536 uon
1125 2472 1240 2557 paullo,
1271 2480 1307 2537 at
1335 2474 1523 2560 aliquando,

325 2594 382 2637 sex
422 2573 548 2658 quidem
582 2570 643 2634 illis
680 2569 842 2633 mensibus
870 2568 1036 2653 profect03
1070 2588 1154 2632 auno
1183 2576 1328 2633 vertente
1355 2570 1422 2634 sine
1451 2594 1547 2636 oon-v

325 2671 489 2734 troversia.
534 2669 631 2732 Anno
660 2675 694 2733 et
723 2687 780 2731 sex
808 2665 969 2730 mensibus
991 2689 1074 2743 vero,
1099 2688 1196 2751 quum
1224 2667 1283 2731 tibi
1307 2668 1447 2752 quotidie
1470 2691 1526 2755 po-

324 2775 428 2832 testas
457 2767 592 2831 hominis
611 2765 725 2831 luisset
747 2763 946 2838 admouendi,
969 2765 1099 2827 verbum
1127 2763 1248 2826 nullum
1277 2765 1373 2829 facis:
1397 2765 1525 2832 biennio

321 2865 389 2948 jam
425 2865 569 2928 confecto
605 2863 670 2928 sere
706 2863 856 2948 appellas.
904 2861 983 2941 Quis
1018 2867 1086 2924 tam
1122 2861 1267 2946 perditus
1303 2883 1341 2926 ao
1378 2865 1525 2948 professus

324 2983 430 3046 nepos,
447 2984 510 3025 non
531 2961 628 3025 adesa
647 2961 725 3044 jam,
741 2961 798 3023 sed
821 2959 997 3022 abundanti
1012 2959 1111 3023 etiam
1131 2959 1275 3044 pecunia,
1292 2960 1338 3024 sio
1353 2960 1526 3024 dissolutus

323 3131 352 3186 is,
357 3131 447 3178 submit
457 3131 476 3176 it
482 3134 508 3176 to
515 3128 556 3176 the
565 3125 669 3177 decision
676 3127 704 3178 ol
707 3127 804 3185 friends,
813 3127 906 3177 instead
940 3127 982 3190 (by
994 3143 1021 3176 so
1028 3128 1111 3192 doing)
1120 3129 1151 3176 ba
1160 3129 1244 3177 should
1253 3131 1318 3178 leave
1326 3124 1439 3182 Quintius
1446 3145 1524 3178 some·

324 3193 352 3240 ol
367 3195 461 3254 uomiug
473 3194 525 3240 into
541 3197 616 3240 court.
650 3193 755 3245 ‘'Quum
771 3208 809 3240 res
826 3193 907 3256 peragi
939 3193 1016 3253 thing.
1050 3193 1450 3250 vaveresd‘velit,’theuCioem
1461 3211 1524 3256 says,

323 3257 387 3303 intra
398 3257 498 3318 parietes
509 3255 639 3318 nequisset,
651 3263 750 3304 ventum
760 3257 785 3304 iu
794 3257 834 3317 jus
845 3261 883 3304 est
890 3256 906 3278 ''
940 3255 993 3304 that
999 3256 1130 3304 Naeviusis
1141 3272 1168 3304 so
1178 3257 1265 3320 greedy
1275 3273 1302 3305 ss
1310 3264 1336 3306 to
1343 3259 1430 3306 choose
1440 3263 1465 3306 to
1473 3260 1525 3307 loss

325 3319 389 3382 (biv.
400 3321 431 3368 iv.
441 3319 475 3384 9).
940 3320 1075 3380 something
1086 3321 1160 3368 olbis
1171 3337 1224 3368 ovrn
1235 3323 1261 3368 io
1278 3322 1347 3368 order
1363 3328 1406 3369 not
1420 3321 1446 3370 to
1458 3323 1524 3371 leave

356 3385 427 3432 Itane
444 3383 514 3444 sslf]
557 3381 751 3444 Thereadingof
762 3383 908 3432 allKeller's
941 3385 1054 3438 Quintius
1075 3385 1207 3446 anytbiug;
1235 3385 1313 3432 wbieb
1338 3385 1360 3434 is
1387 3387 1523 3448 manifestly

324 3446 397 3495 MSS.
438 3445 513 3494 Orelli
531 3445 574 3492 bas
590 3445 707 3492 ‘ltsnet'
747 3445 773 3494 It
788 3447 846 3494 does
862 3452 907 3495 not
939 3445 1035 3495 absurd.
1077 3447 1126 3496 For
1146 3449 1172 3495 iu
1192 3449 1245 3496 tlrat
1266 3464 1320 3498 case
1341 3450 1373 3497 ba
1394 3452 1473 3498 would
1491 3451 1523 3498 be

324 3525 387 3557 seem
399 3525 456 3572 very
474 3509 588 3566 material,
606 3509 683 3556 which
696 3525 731 3558 wa
747 3510 810 3558 tulse.
851 3507 906 3558 Ma·
939 3511 1522 3575 movedbydesireofvengeanoe,notgreedinesa.

323 3574 405 3620 nutius
417 3573 485 3621 husa
497 3573 560 3634 good
575 3578 632 3620 note
649 3589 681 3620 on
698 3571 725 3621 it.
763 3573 816 3620 Tbe
830 3574 906 3624 forms
970 3575 1106 3638 appellare]
1141 3576 1372 3626 Thisisatocbniesl
1381 3578 1527 3638 meaniugol'

322 3652 363 3684 sre
383 3637 468 3685 ‘Itane
485 3639 539 3684 est?
556 3637 639 3684 itane?
662 3637 728 3684 itane
743 3637 832 3684 vero?'
857 3638 905 3685 aud
939 3639 1522 3703 ‘appellare’toeallonadebtorlorpuyment.

324 3701 403 3748 ‘itane
424 3701 548 3757 tsndem;’
574 3701 606 3746 sll
628 3699 704 3776 whielp
726 3716 823 3788 eppyess
839 3716 906 3750 some
938 3707 953 3729 ‘⁴
963 3703 996 3749 Et
1007 3719 1045 3750 me
1060 3708 1088 3751 ut
1105 3719 1244 3766 sponsorem
1260 3703 1388 3767 appellat''
1405 3705 1465 3769 (Cir.
1482 3705 1523 3754 sd

321 3765 677 3878 dllibrdaeolnldblbgtbbwl'be
688 3780 772 3876 ublSIS.
787 3781 905 3877 bbddle‘bl
939 3767 1016 3878 Atlbl¹
1027 3767 1192 3892 dl)sls'qaondo
1200 3831 1223 3894 ,·]
1243 3829 1319 3880 Orelli
1326 3831 1373 3880 aud
1380 3833 1453 3880 Klotz
1458 3833 1522 3881 bsve

321 3893 391 3954 qui;'
408 3897 434 3941 st
444 3893 505 3941 least
519 3893 552 3940 ull
564 3891 668 3940 Keller's
679 3891 752 3940 MSS.
765 3893 838 3941 Klotz
853 3893 904 3942 also
938 3893 1093 3955 'aliquanta'
1105 3896 1152 3941 aud
1164 3895 1296 3944 Lambinus
1313 3913 1366 3959 says
1377 3897 1431 3944 that
1447 3898 1477 3944 be
1493 3912 1521 3944 so

321 3955 482 4018 lm‘siqui’
936 3955 1012 4004 found
1028 3957 1048 4002 it
1063 3959 1157 4006 written
1173 3959 1199 4006 iu
1212 3960 1254 4007 tbe
1266 3959 1338 4008 MSS.
1373 3961 1422 4009 But
1440 3961 1521 4007 Keller

353 4021 414 4067 nolit
432 4019 565 4083 amittere]
601 4019 691 4076 fvelitss
711 4019 795 4078 Orelli,
814 4020 902 4076 Klotz3
936 4035 990 4081 says
1006 4020 1059 4067 tbat
1075 4021 1107 4068 all
1129 4022 1167 4069 his
1189 4021 1262 4071 MSS.
1279 4025 1340 4074 beve
1358 4023 1520 4085 ‘aliquando’

319 4083 367 4129 and
379 4099 451 4144 many
461 4083 489 4131 ol
497 4083 539 4130 the
550 4075 623 4130 MSS.
659 4083 730 4131 Some
740 4085 768 4131 oi
776 4085 817 4130 the
828 4083 902 4130 MSS.
936 4083 1066 4131 Lambinus
1088 4092 1176 4134 eauuot
1191 4087 1339 4135 understand
1357 4085 1519 4146 ‘aliquanda'

320 4145 380 4192 have
392 4151 398 4173 ¹
408 4147 485 4194 nolit!
519 4147 590 4194 Some
599 4145 627 4194 of
635 4145 677 4194 tbo
687 4145 761 4206 forms
772 4147 799 4194 ol
809 4151 815 4174 ‘
824 4145 902 4193 nolle'
935 4146 980 4193 but
988 4146 1105 4211 probably
1116 4151 1158 4197 tbe
1174 4152 1257 4198 reader
1267 4151 1315 4198 will
1325 4149 1472 4196 understand
1490 4149 1519 4197 it.

319 4209 367 4254 aud
379 4209 466 4256 ‘velle'
484 4225 525 4256 ara
542 4209 609 4258 olteu
620 4209 785 4268 ooulounded,
802 4209 849 4256 and
861 4211 904 4257 the
935 4209 977 4257 ‘ll
986 4217 1029 4258 not
1039 4227 1106 4269 soon,
1118 4215 1167 4260 still
1180 4230 1246 4262 some
1262 4213 1337 4269 timo,’
1356 4227 1409 4272 says
1426 4212 1519 4267 Cicero,

320 4271 393 4318 MSS.
410 4274 519 4334 readings
536 4275 583 4320 will
601 4279 645 4320 not
666 4273 749 4320 decide
770 4273 848 4320 ulrich
867 4289 903 4320 vva
934 4273 983 4321 and
1000 4275 1058 4323 then
1075 4277 1106 4324 ba
1122 4278 1195 4324 limita
1215 4279 1256 4325 the
1273 4280 1345 4332 time3
1363 4276 1460 4322 ‘within
1477 4277 1520 4324 the

320 4339 385 4380 must
403 4335 466 4382 take.
509 4335 533 4383 lt
551 4337 579 4394 is,
600 4353 653 4398 says
668 4337 758 4392 Keller,
777 4337 900 4400 ‘quaestio
933 4339 968 4384 six
986 4341 1083 4388 months
1099 4338 1160 4388 aster
1177 4341 1304 4401 oertaiuly;
1321 4354 1352 4386 or
1366 4344 1391 4386 at
1404 4339 1519 4388 theclosa

255 4399 261 4407 '
319 4397 445 4444 subtilior!
478 4399 525 4445 We
536 4399 682 4460 mustjudga
697 4399 728 4465 by
742 4401 783 4448 the
794 4406 899 4449 oontext.
932 4401 961 4448 of
974 4404 1015 4451 the
1030 4420 1085 4466 year
1101 4403 1241 4452 doubtless!
1278 4403 1313 4450 As
1334 4407 1361 4451 to
1378 4401 1459 4461 ‘illis'
1479 4419 1519 4452 see

319 4460 402 4508 Cieero
414 4476 467 4522 says
478 4461 530 4508 dut
544 4461 648 4510 Naevius
665 4465 685 4510 is
702 4479 729 4512 so
745 4465 832 4526 greedy
848 4465 901 4512 that
933 4465 988 4514 Vol.
1001 4467 1022 4514 1.
1034 4467 1102 4516 Vsrr.
1114 4469 1139 4515 ii.
1150 4471 1174 4516 4.
1186 4483 1207 4515 e.
1221 4467 1260 4524 18,
1271 4467 1311 4514 63.

318 4523 350 4570 he
360 4523 439 4571 would
450 4528 494 4572 not
509 4525 693 4575 ehoosetolose
709 4542 756 4589 any
767 4529 901 4588 thing,lest
