3517 5325
696 514 798 582 OAP.
821 514 959 583 35-37.
1367 516 1427 579 461

231 710 310 755 auro
324 693 357 753 et
371 694 505 773 argento
520 686 638 763 uiolari,
653 686 731 751 nihss
751 708 883 751 numero
898 693 933 750 et
946 684 1104 769 suffragiis
1126 684 1287 763 declarari,
1309 684 1386 749 nihil
1400 685 1430 749 vi

228 810 266 853 ae
290 810 386 851 manu
409 786 561 872 perfringi
583 792 692 870 posset
705 786 789 871 quod
811 806 876 847 non
891 806 948 847 vos
970 804 1157 869 oppressum
1174 790 1272 867 atque
1287 791 1431 869 ereptum

228 884 400 950 teneretis:
425 891 463 948 ut
476 884 653 947 volitaretis
667 884 789 947 interea
809 904 867 967 per
888 888 1010 966 gentes,
1035 902 1092 965 per
1114 902 1213 964 regna
1228 880 1341 957 omnia,
1358 902 1431 945 cum

228 982 360 1068 imperio
382 1003 515 1058 summo,
539 1003 611 1044 cum
630 981 751 1065 judicio
772 980 906 1054 infinito,
923 1001 994 1042 cum
1017 978 1101 1041 omni
1120 978 1271 1063 pecunia:
1295 985 1333 1042 ιιι
1347 979 1431 1042 veni-

228 1082 307 1145 retis
321 1080 354 1142 in
369 1086 475 1143 castra
490 1079 549 1142 Cn.
565 1078 718 1162 Pompeii,
741 1086 839 1162 atque
861 1078 931 1162 ipsa
950 1084 1058 1140 castra
1078 1076 1104 1139 si
1128 1076 1326 1139 commodum
1341 1076 1431 1141 vobis

229 1184 316 1242 esset
330 1177 527 1241 tenderetis:
552 1184 590 1240 ut
613 1176 736 1240 interea
757 1176 966 1263 magistratus
984 1174 1132 1259 reliquos,
1148 1174 1271 1259 legibus
1286 1174 1431 1238 omnibus

229 1274 335 1349 soluti,
351 1275 419 1339 sine
433 1283 520 1337 metu
533 1273 735 1357 judiciorum,
751 1274 819 1337 sine
834 1270 974 1359 periculo
990 1280 1101 1357 petere
1116 1272 1267 1356 possetis:
1287 1280 1325 1337 ut
1339 1294 1431 1337 nemo

228 1373 271 1438 ad
287 1373 437 1457 populum
453 1370 632 1434 Romanum
648 1393 703 1434 vos
719 1372 888 1446 adducere,
910 1392 1002 1433 nemo
1023 1370 1206 1454 producere,
1223 1391 1286 1432 non
1301 1378 1432 1435 senatus

230 1492 353 1557 cogere,
370 1492 434 1533 non
448 1468 558 1533 consul
573 1490 727 1546 coercere,
743 1492 807 1534 non
823 1469 970 1533 tribunus
985 1466 1086 1553 plebis
1100 1466 1237 1530 retinere
1252 1476 1370 1553 posset.

275 1668 367 1731 Haec
382 1688 442 1750 ego
456 1686 512 1729 vos
527 1663 714 1750 concupisse
728 1686 787 1749 pro
801 1672 909 1729 vestra
924 1662 1062 1729 stultitia
1075 1670 1173 1749 atque
1188 1663 1432 1749 intemperantia

231 1786 296 1829 non
321 1764 437 1838 miror3
473 1784 618 1847 sperasse
643 1784 694 1825 me
718 1762 847 1825 consule
876 1761 1002 1846 assequi
1032 1782 1126 1846 posse
1156 1761 1303 1825 demiror.
1349 1762 1432 1826 Nam

231 1884 328 1948 quum
343 1860 483 1925 omnium
505 1859 669 1923 consulum
690 1860 798 1945 gravis
817 1860 850 1922 in
875 1882 911 1923 re
933 1858 1061 1943 publica
1080 1858 1288 1923 custodienda
1302 1882 1379 1924 cura
1392 1882 1432 1924 ao

231 1960 394 2044 diligentia
408 1959 505 2023 debet
519 1980 599 2033 esse,
614 1965 683 2021 tum
697 1980 807 2021 eorum
823 1956 968 2033 maxime,
989 1957 1121 2043 quinon
1137 1957 1169 2019 in
1185 1958 1358 2033 cunabulis,
1375 1958 1433 2022 sed

230 2057 264 2121 in
285 2078 396 2142 eampo
416 2063 492 2120 sunt
514 2056 661 2119 consules
682 2056 772 2119 facti.
817 2054 903 2117 Nulli
926 2054 1040 2140 populo
1057 2054 1201 2119 Romano
1223 2078 1281 2140 pro
1301 2078 1352 2121 me
1367 2078 1432 2119 ma·

227 2158 316 2242 jores
341 2154 402 2219 mei
429 2154 687 2240 spoponderunt:
713 2153 788 2217 mihi
812 2153 970 2217 creditum
995 2160 1063 2218 est:
1095 2174 1189 2217 ame
1215 2162 1323 2238 petere
1349 2156 1433 2240 quod

231 2254 340 2331 debeo,
357 2254 407 2316 me
423 2252 525 2338 ipsum
539 2252 696 2338 appellare
712 2252 847 2316 dehetis.
883 2252 1157 2339 Quemadmodum
1173 2273 1268 2337 quum
1283 2254 1433 2337 petebam

230 2351 306 2415 nulli
331 2372 382 2415 me
406 2352 494 2414 vobis
519 2362 669 2415 auctores
694 2351 821 2435 generis
843 2350 907 2413 mei
933 2351 1205 2425 commendarunt,
1229 2352 1285 2425 sic,
1310 2352 1433 2436 siquid

231 2450 399 2533 deliquero,
432 2448 536 2510 nullae
565 2456 641 2511 sunt
670 2448 824 2532 imagines
853 2470 936 2531 quae
965 2470 1016 2511 me
1044 2469 1065 2510 a
1093 2448 1182 2510 vohis
1211 2450 1431 2532 deprecentur.

232 2545 433 2609 XXXVII.
458 2546 561 2625 Quare
577 2546 670 2608 modo
685 2545 712 2607 si
728 2546 794 2609 vita
809 2552 972 2630 suppetat,
988 2567 1082 2630 quam
1098 2568 1157 2630 ego
1173 2546 1302 2609 summis
1326 2548 1346 2587 ¹
1370 2550 1388 2588 *
1411 2550 1431 2589 ²

230 2646 272 2708 ab
295 2644 428 2708 istorum
452 2643 570 2706 scelere
590 2642 772 2727 insidiisque
795 2642 972 2721 defendere,
990 2643 1138 2730 polliceor
1159 2643 1218 2707 hoc
1241 2644 1338 2720 nobie,
1356 2645 1431 2727 Qui·

230 2743 318 2817 rites,
335 2741 513 2805 bonafide:
531 2740 764 2826 rempublicam
780 2740 924 2826 vigilanti
940 2741 1058 2805 homini
1073 2762 1135 2804 non
1151 2739 1272 2818 timido,
1289 2743 1431 2828 diligenti

234 2841 312 2923 [non
328 2839 456 2924 ignavo]
474 2838 686 2902 commisistis.
733 2837 805 2921 Ego
823 2839 850 2902 is
872 2838 981 2901 consul
996 2839 1049 2924 qui
1071 2839 1251 2903 contionem
1270 2845 1432 2906 metuam!

231 2937 285 3023 qui
307 2939 451 3002 tribunos
472 2935 573 3022 plebis
595 2936 853 3020 perhorrescam?
875 2936 928 3021 qui
948 2959 1041 3020 saepe
1057 2944 1091 3000 et
1104 2935 1172 3000 sine
1188 2959 1302 3002 caussa
1317 2940 1432 3004 tumul·

231 3037 324 3100 tuert
346 3035 399 3121 qui
424 3034 556 3099 timeam
579 3055 619 3097 ne
643 3033 719 3095 mihi
742 3033 774 3096 in
796 3055 922 3098 carcere
945 3034 1152 3099 habitandum
1170 3035 1222 3112 eit,
1243 3035 1270 3098 si
1286 3035 1433 3100 tribunus

232 3245 307 3293 blank
322 3261 380 3308 very
395 3246 465 3304 well3
483 3246 528 3294 hut
541 3245 596 3294 that
607 3244 666 3293 doaa
680 3249 725 3292 not
741 3259 816 3308 prore
849 3245 892 3293 tho
903 3245 950 3294 Pro
967 3245 1077 3304 Caecina,
1089 3261 1109 3294 c.
1123 3247 1167 3304 lo,
1184 3245 1231 3294 and
1242 3247 1268 3294 in
1279 3247 1321 3295 the
1332 3247 1433 3295 Verrius

232 3311 288 3359 that
304 3311 362 3373 they
373 3327 414 3359 ara
430 3309 544 3359 Cicero'a.
577 3310 689 3358 theou
703 3325 736 3357 no
752 3317 816 3359 traca
848 3311 970 3359 orationaz
989 3311 1086 3360 “Nunc
1096 3325 1152 3358 vero
1169 3311 1227 3374 quid
1243 3311 1314 3360 facim
1326 3313 1431 3360 llortcn·

233 3375 262 3424 of
269 3375 335 3423 thern
347 3377 372 3422 in
383 3377 426 3424 tha
438 3376 511 3423 MSS.
848 3376 916 3423 aius?
939 3376 1081 3424 avaritiaene
1100 3377 1200 3424 crimitm
1216 3376 1359 3439 frugalitatis
1380 3379 1432 3425 lau-

266 3455 292 3488 m
302 3441 450 3502 canatum]
471 3441 565 3487 Henaa
572 3444 617 3488 not
627 3439 697 3486 made
707 3455 722 3486 a
732 3439 816 3488 consid
848 3440 919 3488 dibus
930 3441 1088 3503 deprecetur?
1097 3439 1112 3462 ”

232 3503 259 3551 in
277 3504 320 3551 tha
338 3505 424 3561 eradla,
439 3520 466 3552 aa
477 3505 509 3552 he
526 3505 606 3552 would
620 3519 662 3566 say
675 3505 729 3551 that
745 3505 817 3552 thoae
881 3507 921 3561 ³7.
939 3506 1049 3570 madoci]
1064 3506 1093 3553 E.
1107 3505 1184 3554 F.1².=
1198 3506 1431 3566 ‘montfanc

233 3567 318 3616 nobles
337 3585 406 3626 were,
420 3570 475 3617 who
489 3585 551 3617 nera
568 3569 659 3616 elected
676 3568 777 3616 beoanw
791 3569 820 3618 of
849 3571 936 3617 ‘modo
955 3573 1013 3617 nua'
1034 3571 1148 3632 (Baiter).
1183 3570 1290 3618 ‘Modo'
1310 3573 1366 3635 only
1386 3573 1433 3620 nill

232 3633 275 3682 the
296 3634 367 3680 merit
387 3633 416 3680 of
438 3634 502 3680 their
522 3639 651 3680 anoeatora.
697 3634 736 3679 lle
757 3635 816 3680 then
849 3635 895 3690 do;
912 3633 956 3680 hut
974 3633 1058 3682 Cicero
1072 3634 1192 3720 preferred
1210 3636 1252 3682 tha
1267 3636 1328 3683 form
1345 3637 1433 3684 ‘modo

232 3711 314 3760 pasees
329 3711 362 3742 on
377 3702 404 3744 to
415 3712 430 3743 a
444 3698 569 3758 metaphor
585 3697 647 3743 from
664 3698 815 3758 auretyahip:
849 3698 923 3745 ai'or
935 3698 1020 3744 ‘modo
1032 3703 1069 3754 ut,
1088 3698 1165 3744 which
1174 3699 1194 3744 ia
1204 3713 1270 3746 mora
1282 3701 1433 3760 complete-

233 3761 265 3808 he
276 3759 322 3805 had
334 3774 367 3806 no
382 3761 542 3820 ‘sponsores'
558 3760 655 3820 nohody
670 3766 696 3806 to
712 3763 817 3820 promise
851 3761 937 3808 ‘modo
948 3767 976 3808 ut
986 3760 1095 3822 possem'
1107 3762 1132 3808 in
1142 3761 1377 3824 Terence-‘quam
1390 3779 1434 3824 ago

232 3823 427 3887 paymentifhe
441 3823 511 3870 could
527 3829 570 3870 not
583 3838 638 3884 pay.
672 3823 818 3870 Creditum
850 3825 974 3871 summis?
999 3825 1135 3885 something
1152 3825 1172 3870 ia
1197 3825 1245 3872 lost
1267 3826 1432 3874 hera-‘non

233 3889 342 3950 girante
357 3887 407 3934 him
418 3887 484 3946 only,
496 3887 544 3933 and
554 3893 637 3933 notto
652 3885 703 3932 him
715 3887 763 3933 and
780 3887 818 3934 hia
849 3889 983 3948 ignavo'ia
994 3890 1073 3936 notin
1084 3889 1127 3934 the
1143 3889 1216 3935 MSS.
1252 3889 1275 3936 lt
1284 3891 1304 3936 ia
1315 3891 1357 3936 the
1367 3891 1434 3937 addi·

234 3950 396 4014 ‘apouaorea.'
429 3951 483 3997 The
495 3951 589 3998 Roman
600 3950 818 4012 peoplemnatoall
849 3953 901 3998 tion
913 3951 941 3998 of
956 3951 1096 4012 llervagius.
1132 3952 1272 4014 Something
1283 3955 1303 4001 is
1315 3955 1416 4002 wanted.

234 4032 266 4065 on
284 4017 334 4063 him
351 4017 421 4062 alona
437 4015 609 4076 forpayment.
643 4015 762 4075 Compara
778 4015 817 4062 Ad
882 4017 904 4063 ai
924 4017 1036 4063 tribunae
1049 4015 1141 4077 plebio]
1169 4017 1292 4064 'Duoi’is
1310 4019 1352 4064 the
1369 4019 1434 4066 word

234 4083 286 4130 Au.
298 4082 314 4127 i.
329 4082 372 4128 lu:
391 4079 520 4127 “Tulliola
533 4079 578 4125 tibi
593 4079 657 4126 diem
668 4078 725 4124 datr
743 4094 817 4141 apon-
849 4079 909 4126 used
926 4095 958 4126 on
981 4081 1039 4126 auch
1058 4081 1186 4126 occasione.
1221 4081 1274 4128 Tha
1293 4083 1381 4128 tribuni
1401 4083 1433 4144 pl.

235 4161 312 4194 aorem
324 4143 455 4205 appellat”
850 4144 898 4191 had
910 4145 951 4190 the
966 4159 1046 4205 power
1062 4146 1089 4191 of
1103 4147 1221 4204 arresting
1236 4161 1282 4208 any
1295 4149 1433 4206 ‘magistra-

271 4213 293 4258 ai
312 4207 583 4271 qnid-deprecatam]
603 4206 699 4258 Quoted
716 4206 749 4268 hy
761 4207 817 4254 Gel·
850 4207 899 4256 tua'
911 4209 1140 4269 exoeptaDictator.
1160 4209 1435 4272 Marquardtfflecloer’e

234 4275 281 4322 lius
299 4273 342 4337 (vi.
368 4273 416 4328 llil,
438 4274 516 4319 where
532 4272 563 4318 ha
581 4274 602 4318 ia
620 4272 758 4332 eramining
775 4273 817 4318 tha
850 4275 1092 4329 Handbneh,&c.ii.
1111 4277 1134 4320 ⁶2.
1146 4289 1170 4334 p.
1189 4275 1248 4336 aut)
1266 4275 1339 4322 refers
1353 4283 1377 4322 to
1392 4275 1435 4322 the

235 4340 347 4386 different
367 4339 491 4398 meanings
513 4335 721 4396 of.‘depreoari.'
763 4337 818 4384 Ona
850 4339 941 4400 several
952 4353 1063 4400 passages
1074 4340 1099 4385 in
1116 4339 1194 4385 which
1212 4339 1260 4386 this
1271 4341 1392 4401 authority
1410 4341 1437 4388 of

235 4403 379 4462 meaningia
392 4403 483 4448 “valde
494 4402 714 4462 precartetorare,
726 4406 752 4448 et
762 4416 819 4462 aup-
851 4403 895 4449 tha
926 4402 1017 4449 tribuni
1047 4403 1068 4450 is
1099 4403 1245 4458 mentioned,
1268 4405 1315 4450 and
1337 4411 1364 4450 to
1386 4405 1434 4452 thia

235 4467 351 4529 plicara,”
365 4467 444 4513 which
459 4467 534 4512 iathe
544 4466 656 4526 meaning
669 4466 733 4512 here.
767 4465 820 4513 Tha
851 4481 951 4529 passage
967 4481 1056 4528 among
1073 4467 1115 4514 tha
1136 4473 1192 4514 rest.
1228 4469 1267 4516 lle
1289 4469 1362 4515 refers
1384 4469 1435 4517 also

236 4533 307 4579 other
323 4532 482 4592 signification
498 4531 546 4577 ia‘⁴
555 4530 658 4590 abigere,
672 4529 766 4577 amoliri
781 4531 820 4578 vel
852 4537 879 4578 to
891 4531 974 4578 Cicero
991 4529 1040 4594 (De
1052 4532 1125 4592 legg.
1138 4533 1170 4579 ιιι.
1187 4531 1221 4595 9),
1239 4533 1292 4580 who
1309 4534 1394 4596 speaks
1410 4533 1438 4582 of

237 4611 308 4658 preca
329 4596 437 4644 adhibita
452 4595 491 4643 rel
509 4609 558 4657 qno
574 4595 621 4642 alio
639 4594 737 4653 mod0,''
750 4609 778 4642 aa
794 4596 821 4642 in
852 4611 885 4644 an
902 4596 1008 4644 matauce
1027 4597 1055 4644 of
1066 4597 1114 4645 thie
1130 4611 1209 4659 power
1224 4597 1253 4646 of
1269 4598 1310 4646 tha
1328 4598 1436 4647 tribum
