3517 5325
344 467 410 533 208
673 465 808 531 ORAT.
833 463 925 530 PRO
948 465 991 530 A.
1015 463 1221 531 CAECINA

343 639 465 703 versiae
479 637 557 702 nihil
571 627 712 717 haberet,
729 637 869 702 secundo
884 637 966 716 loco,
976 643 1064 703 utne
1079 659 1152 703 cum
1166 644 1234 704 tam
1249 637 1393 724 improbo
1408 640 1546 722 bomine,

343 737 450 814 tertio,
467 744 505 801 ut
519 759 592 800 cum
606 743 674 800 tam
688 735 787 799 stulto
802 735 945 800 haberet.
991 735 1122 799 Etenim
1136 758 1200 799 non
1215 735 1320 798 minus
1334 758 1393 800 nos
1407 739 1548 804 stultitia

343 835 427 898 illius
463 834 607 898 sublevat
644 855 740 918 quam
765 833 864 898 laedit
893 833 1090 919 improbitas.
1153 833 1323 918 Improbus
1359 835 1428 914 luit,
1460 838 1546 922 quod

343 933 487 996 homines
509 932 626 1017 coegit,
649 932 793 1010 armavit,
811 931 932 997 coactis
953 932 1148 1018 armatisque
1163 931 1226 995 vim
1245 932 1333 996 fecit.
1380 932 1491 998 Laesit
1512 935 1545 998 in

342 1051 381 1094 eo
397 1029 576 1107 Caecinam,
592 1030 741 1094 sublevat
756 1029 885 1094 ibidem.
927 1030 1011 1094 Nam
1026 1030 1058 1093 in
1074 1053 1130 1095 eas
1145 1030 1231 1116 ipsas
1253 1053 1304 1094 res
1327 1051 1407 1114 quas
1429 1031 1544 1118 impro-

342 1128 471 1192 bissime
485 1129 562 1192 iecit
576 1127 760 1193 testimonia
774 1128 919 1212 sumpsit,
936 1135 970 1194 et
985 1129 1032 1192 eis
1048 1129 1079 1192 in
1095 1150 1209 1192 caussa
1224 1129 1418 1194 testimoniis
1432 1130 1544 1195 utitur.

344 1225 459 1312 Itaque
473 1226 551 1290 mibi
566 1234 690 1290 certum
705 1233 765 1304 est,
782 1233 1033 1311 recuperatores,
1054 1233 1226 1312 antequam
1247 1229 1289 1290 ad
1312 1249 1416 1292 meam
1439 1228 1544 1292 defen·

339 1325 461 1389 sionem
475 1346 627 1408 meosque
644 1331 747 1389 testes
768 1323 869 1400 venio,
886 1324 969 1389 illius
992 1325 1040 1390 uti
1061 1324 1259 1389 confessione
1283 1333 1317 1390 et
1339 1325 1543 1390 testimoniis.

342 1421 427 1502 Quid
449 1423 629 1498 confitetur,
644 1428 742 1507 atque
764 1421 811 1486 ita
833 1421 970 1486 libenter
992 1423 1164 1488 confitetur
1186 1429 1307 1486 utnon
1330 1422 1432 1486 solum
1449 1423 1543 1488 fateri

340 1521 397 1586 sed
419 1521 516 1586 etiam
539 1521 682 1607 profiteri
704 1521 857 1610 videatur,
873 1523 1139 1606 recuperatores?
1184 1519 1361 1598 Convooavi
1375 1521 1539 1587 homines:

340 1621 447 1706 coegi:
479 1619 617 1684 armavi:
650 1627 774 1684 terrore
799 1620 913 1684 mortis
936 1641 974 1684 ac
997 1619 1139 1704 periculo
1165 1620 1280 1705 capitis
1305 1642 1346 1683 ne
1371 1621 1542 1684 accederes

339 1717 471 1783 obstiti:
496 1717 589 1795 ferro,
606 1717 718 1802 inquit,
734 1717 828 1793 ferro,
844 1725 879 1782 et
893 1718 955 1781 hoc
970 1717 1048 1781 dicit
1072 1715 1104 1780 in
1122 1716 1304 1800 judiciale
1325 1717 1421 1801 rejeci
1443 1725 1542 1803 atque

338 1816 506 1903 perterrui.
567 1815 659 1895 Quid,
690 1821 793 1879 testes
822 1815 900 1900 quid
933 1815 1045 1879 aiuntl
1101 1814 1140 1878 P.
1166 1813 1316 1893 Vetilius,
1347 1815 1541 1901 propinquus

338 1913 479 1992 Aebutii,
497 1935 533 1978 se
548 1913 690 1977 Aebutio
705 1935 778 1976 cum
797 1913 931 1978 armatis
952 1911 1053 1978 servis
1070 1912 1193 1977 venisse
1209 1913 1410 1977 advocatum.
1456 1913 1541 1993 Quid

337 2014 527 2099 praetereat
548 2011 647 2075 luisse
668 2011 846 2097 complures
859 2017 1011 2075 armatos.
1058 2011 1143 2092 Quid
1163 2009 1273 2074 aliud?
1295 2009 1452 2075 minatum
1469 2033 1540 2075 esse

337 2111 508 2176 Aebutium
526 2109 690 2174 Caecinae.
726 2109 811 2190 Quid
826 2131 886 2196 ego
902 2110 942 2174 de
956 2110 1017 2173 hoc
1031 2115 1116 2174 teste
1131 2107 1235 2172 dicam
1250 2107 1309 2172 nisi
1325 2109 1393 2188 hoc,
1410 2131 1540 2195 recupe-

336 2218 470 2285 ratores,
487 2216 524 2272 ut
538 2230 578 2271 ne
592 2206 710 2271 idcirco
733 2207 838 2270 minus
859 2207 889 2270 ei
911 2207 1050 2274 credatis
1073 2207 1158 2292 quod
1178 2206 1273 2270 homo
1287 2206 1392 2270 minus
1408 2206 1539 2272 idoneus

336 2308 482 2382 habetur,
507 2306 563 2370 sed
589 2306 660 2370 ideo
684 2305 824 2370 credatis
847 2305 933 2392 quod
956 2329 997 2370 ex
1023 2306 1076 2369 illa
1101 2313 1193 2390 parte
1219 2305 1252 2368 id
1278 2304 1357 2369 dicit
1383 2305 1468 2390 quod
1494 2306 1538 2370 illi

335 2425 466 2469 caussae
479 2405 616 2468 maxime
631 2412 682 2469 est
696 2404 855 2469 alienuml
901 2405 943 2468 A.
957 2403 1134 2479 Terentius,
1150 2403 1232 2468 alter
1246 2403 1349 2477 testis,
1366 2425 1430 2468 non
1445 2405 1538 2469 modo

335 2503 512 2567 Aebutium
528 2503 696 2568 sedetiam
710 2525 745 2566 se
760 2502 889 2588 pessimi
903 2503 1051 2566 facinoris
1066 2501 1183 2586 arguit.
1230 2501 1268 2564 In
1287 2501 1462 2567 Aebutium
1477 2503 1538 2567 boc

334 2599 421 2680 dicit,
438 2610 579 2668 armatos
592 2601 736 2667 homines
746 2600 864 2676 luisse3
890 2601 930 2665 de
942 2621 976 2665 se
987 2607 1095 2665 autem
1107 2599 1167 2665 hoc
1178 2599 1351 2686 praedicat,
1363 2589 1534 2680 Antiocho,

335 2699 468 2765 Aebutii
490 2723 591 2777 servo,
616 2700 789 2786 imperasse
811 2706 850 2765 ut
872 2699 905 2762 in
921 2698 1091 2763 Caecinam
1114 2697 1335 2762 advenientem
1360 2720 1432 2762 cum
1452 2699 1536 2763 ferro

333 2798 507 2865 invaderet.
554 2800 638 2881 Quid
652 2800 765 2885 loquar
779 2798 914 2884 amplius
929 2800 968 2861 de
984 2798 1044 2861 hoc
1059 2796 1205 2861 hominel
1238 2796 1276 2861 In
1291 2818 1384 2882 quem
1399 2820 1460 2884 ego
1475 2797 1537 2861 boc

333 2896 447 2972 dicere,
469 2920 565 2983 quum
588 2920 718 2983 rogarer
739 2918 759 2959 a
782 2895 928 2971 Caecina,
952 2916 1121 2980 numquam
1136 2894 1229 2972 volui,
1246 2916 1285 2958 ne
1299 2916 1434 2981 arguere
1449 2895 1536 2959 illum

332 2994 378 3059 rei
393 2995 538 3081 capitalis
553 2994 697 3067 viderer3
723 2994 763 3057 de
786 3014 825 3056 eo
845 2991 956 3057 dubito
980 3013 1064 3055 nunc
1087 2992 1244 3076 quomodo
1267 3000 1326 3057 eut
1349 2993 1460 3078 loquar
1478 3002 1536 3058 aut

332 3100 465 3171 taceam,
481 3115 578 3178 quum
593 3092 660 3176 ipse
675 3092 735 3154 hoc
753 3091 793 3153 de
807 3112 842 3153 se
853 3090 981 3174 juratus
995 3089 1167 3174 praedicet.
1213 3089 1337 3155 Deinde
1355 3092 1392 3156 L.
1409 3092 1536 3157 Caelius

331 3212 395 3253 non
410 3190 514 3253 solum
530 3188 706 3252 Aebutium
721 3209 794 3251 cum
808 3186 941 3250 armatis
963 3186 1046 3251 dixit
1067 3186 1164 3251 fuisse
1186 3189 1409 3274 compluribus,
1426 3212 1536 3254 uerum

331 3287 428 3349 etiam
442 3308 514 3349 cum
529 3286 695 3350 advocatis
709 3283 876 3371 perpaucis
898 3304 936 3347 eo
959 3284 1081 3349 venisse
1102 3285 1281 3351 Caecinam.
1328 3287 1375 3351 X.
1400 3286 1451 3351 De
1474 3288 1534 3353 hoc

331 3405 391 3468 ego
404 3392 499 3460 ‚teste
520 3384 708 3449 detraham!
729 3382 780 3446 cui
803 3404 903 3467 aeque
926 3404 964 3446 ac
988 3404 1059 3446 meo
1082 3384 1158 3447 testi
1184 3390 1221 3449 ut
1243 3384 1381 3449 credatis
1396 3385 1531 3470 postulo.

331 3477 371 3541 P.
389 3476 562 3541 Memmius
583 3486 716 3541 secutus
737 3483 797 3555 est,
814 3476 868 3561 qui
890 3497 982 3539 suum
1004 3497 1068 3539 non
1091 3498 1221 3561 parvum
1244 3478 1433 3543 beneficium
1448 3500 1533 3543 com·

328 3570 517 3636 memoravit
540 3570 572 3633 in
598 3569 717 3633 amicos
743 3569 909 3647 Caecinae,
933 3569 1047 3655 quibus
1072 3592 1142 3633 sese
1159 3571 1248 3651 ¹viam
1273 3593 1330 3656 per
1352 3571 1460 3637 fratris
1483 3573 1535 3637 sui

329 3665 460 3729 fundum
486 3664 613 3729 dedisse
638 3663 721 3728 dixit
746 3686 810 3749 qua
838 3664 976 3749 effugere
1006 3670 1145 3749 possent,
1171 3686 1266 3750 quum
1290 3673 1398 3731 essent
1423 3688 1533 3731 omnes

328 3772 416 3829 metu
446 3762 619 3850 perterriti.
674 3761 761 3824 Huic
792 3784 853 3848 ego
878 3760 955 3827 testi
984 3762 1107 3848 gratias
1135 3784 1238 3846 agam,
1269 3764 1354 3847 quod
1379 3772 1413 3829 et
1438 3764 1470 3828 in
1497 3787 1533 3829 re

327 3862 562 3928 misericordem
576 3882 611 3924 se
626 3858 807 3945 praebuerit
821 3866 856 3924 et
870 3858 902 3923 in
914 3859 1100 3931 testimonio,
1109 3858 1303 3945 religiosum.
1348 3860 1390 3925 A.
1410 3862 1531 3927 Atilius

359 4063 384 4111 9.
401 4060 513 4123 idoneus]
533 4059 616 4116 Klotz,
627 4060 653 4107 in
669 4060 707 4107 his
724 4058 844 4117 nolebas
860 4058 911 4107 col-
943 4056 1038 4121 nguia’
1072 4058 1122 4107 But
1139 4059 1251 4121 ‘pessimi
1264 4058 1385 4108 bunons'
1398 4059 1530 4122 msybcsn

325 4124 704 4186 lected’examplesoltbeuseof
714 4124 911 4178 ‘idonens,’suclr
942 4124 1110 4185 interpolation
1130 4138 1157 4171 as
1171 4124 1280 4172 Wunder
1297 4140 1420 4188 supposes.
1456 4125 1530 4173 Klotz

325 4206 352 4238 as
375 4189 488 4237 ‘idoneus
509 4190 610 4247 auctor,’
631 4190 746 4237 ‘idoneus
767 4188 852 4237 teon!
886 4188 911 4236 lt
942 4188 1099 4251 bas¹seipse
1109 4188 1325 4251 iecinorisarguit!

326 4270 409 4307 means
419 4254 539 4317 generally
555 4270 570 4301 a
589 4270 645 4302 man
664 4260 810 4317 competent,
829 4254 858 4300 ot
873 4252 911 4300 for
979 4254 1015 4301 lo.
1032 4254 1159 4301 detraham
1169 4252 1194 4315 Ι]
1215 4254 1247 4301 So
1259 4254 1290 4301 be
1306 4268 1368 4316 says,
1384 4268 1405 4301 c.
1417 4256 1465 4302 25:
1484 4254 1530 4301 ‘de

325 4320 369 4365 the
390 4334 502 4381 purpose,
522 4320 640 4367 whatever
660 4320 682 4367 it
702 4335 757 4381 may
778 4318 818 4375 be,
837 4323 912 4366 tmer-
945 4317 1142 4365 hominibusnon
1159 4317 1257 4379 dejure
1273 4319 1335 4366 ciuili
1349 4318 1470 4366 detrabit!
1504 4320 1531 4367 It

325 4384 426 4445 wortby,
437 4384 485 4431 and
496 4384 589 4432 honest.
947 4382 967 4430 is
979 4387 1004 4428 to
1015 4383 1070 4430 talre
1081 4382 1151 4438 from,
1163 4382 1217 4429 that
1228 4383 1255 4439 is,
1268 4388 1293 4429 tc
1305 4383 1437 4445 disparage.

323 4528 400 4641 iiii,
422 4529 665 4642 angebat..
687 4578 785 4640 peremi
801 4576 913 4624 aenam
946 4546 1016 4624 nne
1031 4576 1136 4624 nnus
1151 4576 1292 4625 mansa·
1308 4528 1351 4626 tis
1370 4528 1455 4625 niun
1471 4578 1530 4627 us.
