3517 5325
315 473 379 538 330
623 465 757 533 ORAT.
780 464 872 530 PRO
896 463 940 530 A.
962 462 1200 530 OLUBNTIO

314 641 381 727 ipse
405 661 443 705 ea
465 641 534 725 lege
558 638 741 724 quaerebat.
786 637 913 702 Paucos
931 636 1000 700 dies
1020 640 1240 720 exspectasset
1257 632 1417 715 Quintius.
1462 633 1517 698 Aa

314 757 416 824 neque
431 737 573 822 privatus
587 757 748 814 accusare,
759 757 819 798 nec
838 735 954 798 sedata
966 731 1062 818 [jam]
1074 732 1337 796 invidiavolehat.
1382 731 1515 796 Videtis

314 838 412 922 igitur
426 857 487 898 non
503 835 536 897 in
551 854 665 897 caussa
684 833 741 896 sed
763 833 795 898 in
813 841 956 917 tempore
976 853 1015 895 ac
1037 839 1199 916 potestate
1218 852 1307 916 spem
1321 852 1446 894 omnem
1460 852 1514 894 ac-

316 933 473 998 cusatoris
487 931 595 996 inisse.
642 931 800 995 Mulctam
813 929 939 1014 petivit.
984 929 1055 1009 Qua
1068 929 1160 1013 leget
1181 929 1267 1015 quod
1285 927 1319 991 in
1331 928 1435 1014 legem
1449 949 1515 992 nou

311 1032 474 1116 jurasset3
499 1051 581 1116 quae
596 1049 647 1092 res
662 1027 778 1092 nemini
792 1048 942 1112 umquam
955 1026 1059 1089 fraudi
1073 1026 1151 1090 init:
1176 1033 1210 1091 et
1227 1027 1312 1112 quod
1328 1025 1365 1089 (l.
1382 1025 1512 1102 Verres,

315 1137 443 1214 praetor
456 1129 605 1206 urbanus,
628 1126 723 1188 homo
744 1132 875 1188 sanctus
896 1131 929 1188 et
952 1123 1092 1207 diligens,
1108 1123 1369 1188 subsortitionem
1390 1124 1460 1207 ejus
1480 1123 1515 1186 in

315 1247 353 1291 eo
384 1225 493 1290 codice
521 1245 585 1287 non
608 1223 741 1287 haberet
763 1221 817 1307 qui
840 1229 911 1285 tum
929 1221 1090 1286 interlitus
1109 1221 1338 1306 proferebatur.
1385 1220 1449 1284 His
1473 1221 1515 1284 de

316 1323 438 1388 caussis
455 1322 491 1387 Ο.
507 1321 531 1384 J
533 1321 625 1384 unius
637 1319 865 1384 condemnatus
879 1325 941 1394 est,
953 1318 1087 1402 judices,
1107 1317 1273 1382 levissimis
1287 1325 1322 1382 et
1339 1316 1514 1381 infirmissi-

316 1421 399 1496 mis;
417 1441 497 1505 quas
508 1419 636 1482 omnino
646 1417 678 1480 in
684 1415 840 1502 judicium
849 1415 955 1480 afferri
965 1437 1029 1478 non
1038 1416 1192 1499 oportuit.
1216 1415 1331 1501 Itaque
1341 1436 1513 1501 oppressus

317 1526 368 1584 est
382 1539 568 1583 noncausse
576 1517 796 1600 sedtempore.
842 1513 1024 1578 XXXIV.
1048 1514 1124 1579 Hoc
1132 1536 1189 1579 vos
1200 1513 1346 1579 Cluentio
1352 1514 1511 1599 judicium

318 1617 439 1702 putatis
449 1616 561 1680 obesse
577 1614 746 1699 oporteret
769 1613 872 1694 Quam
884 1613 926 1675 oh
943 1614 1108 1676 caussam?
1132 1612 1167 1676 Si
1182 1635 1222 1676 ex
1235 1613 1307 1698 lege
1316 1612 1511 1676 subsortitus

317 1735 382 1777 non
397 1719 467 1776 erat
484 1711 507 1774 J
509 1712 612 1788 unius,
634 1719 691 1775 aut
706 1711 732 1774 si
748 1711 780 1773 in
802 1709 940 1794 aliquam
953 1709 1058 1794 legem
1078 1709 1249 1795 aliquando
1265 1732 1329 1774 non
1340 1712 1512 1794 juraverat,

318 1810 435 1874 idcirco
461 1809 544 1872 illius
569 1807 771 1872 damnatione
795 1807 914 1892 aliquid
939 1807 980 1870 de
1003 1806 1147 1870 Oluentio
1161 1807 1385 1891 judicabaturl
1408 1807 1512 1886 'Non,

318 1907 435 1991 inquit;
461 1906 518 1969 sed
543 1905 594 1968 illc
617 1905 736 1968 idcirco
752 1905 813 1968 illis
834 1905 959 1990 legibus
981 1905 1212 1969 condemnatus
1230 1913 1280 1968 est
1301 1907 1386 1990 qnod
1403 1910 1515 1970 eontra

319 2003 411 2068 aliam
425 2003 529 2087 legem
542 2001 754 2066 commiserat.
800 2001 861 2082 Qui
880 2003 941 2065 hoc
955 2001 1158 2078 confitentur,
1176 2009 1311 2087 possunt
1327 2002 1423 2066 iidem
1437 2001 1514 2066 illud

316 2100 470 2186 judicium
485 2099 581 2164 fuisse
596 2099 787 2162 defenderet
829 2099 929 2184 Ergo,
941 2098 1057 2182 inquit,
1079 2097 1199 2163 idcirco
1218 2099 1351 2164 infestus
1371 2109 1440 2164 tum
1457 2120 1513 2184 po-

319 2199 412 2285 pulus
428 2198 591 2262 Romanus
605 2197 629 2259 J
631 2197 705 2260 unio
720 2197 781 2261 fuit
795 2197 880 2282 quod
895 2196 970 2260 illud
989 2196 1145 2280 judicium
1167 2207 1351 2282 corruptum
1371 2217 1430 2282 per
1442 2218 1516 2261 eum

319 2299 503 2382 putabatur.
549 2295 633 2358 Num
656 2294 753 2379 igitur
770 2295 831 2358 hoc
852 2301 995 2380 tempore
1009 2317 1123 2359 caussa
1137 2303 1263 2359 mutata
1276 2296 1348 2359 esti
1369 2317 1446 2359 num
1455 2295 1518 2359 alia

320 2417 381 2473 res,
399 2394 460 2458 alia
484 2393 567 2458 ratio
587 2393 670 2456 illius
691 2391 812 2476 judicii,
829 2391 893 2455 alia
911 2400 1027 2456 natura
1048 2393 1150 2457 totius
1166 2393 1286 2478 negotii
1305 2414 1388 2457 nunc
1407 2401 1458 2457 est
1475 2415 1516 2458 ac

320 2499 390 2556 tum
413 2492 494 2556 fuiti
531 2490 605 2558 Nou
631 2491 741 2575 opinor
761 2509 801 2553 ex
823 2489 862 2552 iis
881 2489 977 2552 rebus
996 2511 1077 2574 quae
1098 2497 1210 2576 gestae
1232 2497 1309 2554 sunt
1331 2512 1398 2554 rem
1420 2491 1518 2554 ullam

320 2589 462 2675 potuisse
491 2587 618 2651 mutari.
664 2586 748 2668 Quid
776 2607 852 2671 ergo
878 2593 929 2650 est
952 2607 1094 2664 caussae,
1118 2587 1202 2673 quod
1227 2610 1310 2651 nunc
1329 2598 1439 2653 nostra
1463 2589 1517 2652 de·

320 2686 421 2750 sensio
444 2686 592 2751 audiatur
614 2692 707 2750 tanto
731 2684 866 2761 silentio,
883 2690 952 2747 tum
972 2683 1072 2747 Junio
1089 2685 1278 2749 defendendi
1302 2687 1352 2750 sui
1373 2694 1519 2771 potestas

321 2791 432 2867 erepta
446 2782 509 2846 aitl
553 2782 636 2863 Quia
657 2790 728 2846 tum
744 2782 776 2844 in
794 2802 908 2845 caussa
927 2780 1004 2843 nihil
1025 2789 1096 2845 erat
1115 2790 1243 2867 praeter
1259 2783 1418 2863 invidiam,
1433 2805 1518 2848 erro-

321 2902 397 2957 rem,
418 2879 637 2964 suspicionem,
661 2879 825 2944 contiones
849 2878 1061 2963 quotidianas,
1084 2879 1235 2944 seditiose
1263 2902 1303 2944 ee
1325 2880 1520 2967 populariter

321 2976 507 3041 concitatas.
553 2977 741 3041 Accusabat
762 2976 910 3040 tribunus
931 2976 1032 3061 plebis
1053 2977 1136 3040 idem
1157 2977 1191 3040 in
1209 2978 1419 3057 contionibus,
1434 2978 1520 3042 idem

320 3075 361 3137 ad
385 3074 553 3139 subsellia:
578 3074 620 3137 ad
636 3073 790 3157 judicium
809 3094 873 3135 non
893 3074 988 3136 modo
1008 3074 1048 3137 de
1073 3073 1230 3151 contione,
1246 3076 1303 3139 sed
1324 3075 1422 3140 etiam
1446 3096 1520 3139 cnm

321 3170 390 3256 ipsa
419 3171 566 3235 contione
592 3170 748 3233 veniebat.
795 3170 921 3233 Gradus
945 3169 990 3233 illi
1020 3171 1143 3235 Aurelii
1166 3177 1236 3235 tum
1254 3173 1326 3237 novi
1348 3173 1438 3258 quasi
1459 3193 1519 3257 pro

352 3440 452 3485 reactus
467 3440 491 3485 el
508 3437 631 3499 stupea]
653 3436 735 3487 “Thia
753 3438 841 3487 honest
856 3440 904 3488 and
966 3442 1073 3502 popular
1079 3442 1203 3491 Romaene
1209 3444 1522 3507 JuaicJClassenoheerrea

322 3500 435 3549 cereinl”
454 3516 509 3547 man
525 3514 573 3548 was
585 3502 845 3561 Prtetoretthetime,
856 3504 904 3551 and
936 3504 1138 3553 thattheabaurd
1148 3507 1247 3569 reading
1258 3509 1464 3558 ‘PnetorJunio’
1476 3512 1521 3561 has

321 3566 359 3613 his
370 3564 548 3612 memorandum
560 3565 622 3613 book
635 3565 730 3629 (codex)
741 3568 782 3615 did
792 3572 836 3615 not
846 3582 903 3615 ocn-
935 3568 997 3616 been
1007 3570 1033 3616 in
1044 3571 1087 3617 the
1096 3570 1192 3632 printed
1202 3572 1278 3620 books
1294 3588 1349 3621 ever
1363 3576 1429 3622 since
1437 3576 1458 3623 it
1467 3577 1523 3623 first

321 3630 371 3677 trin
387 3629 429 3677 tho
444 3629 613 3688 ‘subsortitio,’
630 3630 668 3679 ior
683 3632 703 3679 it
720 3646 768 3680 was
783 3632 904 3695 produced
935 3634 1053 3695 appeared
1068 3635 1094 3681 in
1106 3635 1149 3683 tha
1166 3636 1278 3699 Princeps
1293 3638 1374 3686 editio.
1406 3638 1521 3688 Theseia

322 3694 380 3742 with
391 3694 433 3741 the
443 3694 531 3741 mulsa
540 3692 638 3742 ell'aced.
714 3724 718 3735 ·
935 3712 968 3745 no
984 3699 1133 3761 condanncy
1147 3700 1172 3746 in
1189 3700 1306 3762 speaking
1320 3702 1349 3750 of
1363 3703 1407 3750 the
1423 3703 1522 3752 Praetor

354 3762 394 3809 34.
404 3758 562 3820 atterritus]
579 3758 631 3806 The
642 3760 759 3823 complete
769 3760 906 3822 expression
938 3761 1008 3818 herc3
1024 3762 1070 3810 hut
1081 3764 1102 3810 it
1116 3763 1137 3809 is
1153 3765 1285 3811 consistent
1300 3770 1327 3812 tc
1342 3767 1417 3828 speak
1435 3768 1463 3815 os
1478 3768 1523 3815 the

321 3824 387 3871 isin
405 3823 448 3870 the
466 3828 524 3870 next
544 3824 643 3885 chapter
664 3824 727 3887 (35),
747 3824 906 3873 ‘subsortitus
939 3825 1047 3887 Populus
1064 3827 1197 3874 &manua
1230 3828 1256 3875 8.
1275 3828 1304 3876 Τ.
1323 3830 1385 3877 hane
1401 3832 1520 3893 ‘populna

319 3888 425 3949 judicem
446 3902 496 3935 non
522 3886 600 3935 sseet’
641 3885 672 3935 In
694 3904 715 3936 c.
738 3889 769 3944 37
791 3890 860 3937 there
884 3890 906 3937 is
939 3886 1020 3937 Rom!
1027 3890 1111 3938 endi'.
1120 3891 1147 3937 ll.
1158 3892 1219 3938 hare
1229 3892 1271 3940 the
1280 3892 1444 3943 abbreviation
1460 3896 1520 3954 PR„

322 3958 425 4014 ‘peucoe
431 3952 481 3999 dies
488 3964 517 3999 cx
524 3952 694 4001 subsortitione
703 3952 818 4001 sedisset!
851 3954 904 4001 'l'hc
935 3954 1013 4001 which
1030 3954 1052 4001 ia
1067 3954 1127 4001 used
1141 3954 1201 4002 both
1212 3956 1250 4003 for
1262 3958 1359 4006 Praetor
1368 3960 1416 4007 and
1426 3958 1464 4008 lor
1475 3961 1521 4008 Po·

321 4016 375 4063 first
385 4014 509 4073 ‘comitia'
520 4030 573 4076 says
584 4016 717 4071 munus.
728 4030 777 4064 was
788 4018 850 4066 from
861 4018 905 4065 the
935 4018 1007 4078 pnlua
1016 4018 1148 4066 Romanus.

321 4080 399 4127 whole
414 4080 516 4127 number
531 4080 560 4127 ci
574 4079 679 4135 Judices,
690 4081 737 4127 and
748 4082 769 4127 it
779 4096 826 4129 was
841 4082 905 4128 done
968 4082 1143 4141 adjudicium}
1161 4083 1187 4130 It
1202 4097 1280 4132 seem
1296 4086 1350 4133 that
1363 4088 1406 4135 the
1416 4088 1522 4135 'lhrhnne

322 4143 354 4205 hy
374 4144 416 4190 the
439 4144 536 4191 Praetor
557 4144 685 4202 Urhanua5
705 4146 747 4192 the
765 4146 861 4201 oewud,
877 4158 906 4191 or
936 4160 1003 4192 mmo
1013 4146 1072 4192 arith
1082 4160 1097 4193 a
1106 4147 1189 4195 rabble
1199 4154 1226 4195 at
1241 4149 1279 4196 hia
1289 4149 1356 4198 hecls
1366 4156 1393 4199 tn
1403 4152 1446 4199 the
1456 4153 1522 4214 place

324 4207 494 4264 ‘subsortitio'
505 4222 553 4254 was
564 4208 633 4256 made
646 4209 730 4271 hythe
742 4210 868 4260 Quaesitor
880 4217 907 4256 to
938 4209 1018 4256 where
1037 4210 1126 4257 Junina
1144 4226 1192 4258 was
1213 4213 1298 4275 sitting
1315 4215 1341 4260 in
1360 4221 1436 4262 court
1469 4216 1523 4263 Τὴο

323 4271 409 4333 supply
428 4271 470 4318 tha
492 4271 559 4333 place
576 4272 604 4319 of
620 4272 690 4320 those
708 4273 761 4319 who
780 4272 828 4319 hed
845 4272 907 4321 been
940 4273 1033 4321 Gredns
1044 4273 1137 4322 Aurelil
1154 4290 1217 4323 were
1233 4277 1258 4323 in
1274 4278 1317 4324 the
1333 4278 1421 4325 Forum
1433 4280 1523 4326 Rome·

323 4335 461 4395 challenged
479 4333 581 4397 (rejecti)
598 4335 631 4397 hy
647 4337 689 4383 the
705 4342 843 4398 prosecutor
859 4336 907 4383 and
939 4350 1013 4395 num;
1029 4338 1077 4385 and
1095 4340 1198 4401 perhaps
1213 4342 1234 4388 it
1249 4356 1297 4388 rrae
1311 4356 1328 4388 a
1347 4344 1452 4390 tibunal
1469 4344 1524 4392 Μ

322 4398 366 4445 the
377 4399 476 4446 accused
488 4398 539 4463 (see
550 4399 605 4445 Vol.
618 4400 638 4446 1.
651 4400 719 4447 Verr.
731 4401 786 4449 Act.
795 4401 844 4448 ie.
857 4402 905 4449 lt).
938 4400 1022 4449 Cicero
1043 4404 1129 4464 speaks
1150 4404 1183 4450 ol.
1224 4405 1278 4451 Tha
1299 4406 1367 4467 placa
1388 4407 1426 4454 for
1443 4408 1525 4469 ming

322 4460 410 4509 lunius
421 4477 469 4509 was
484 4462 587 4523 charged
603 4463 661 4510 with
675 4470 719 4511 not
733 4464 820 4525 haring
838 4480 861 4511 m
938 4465 1006 4513 these
1024 4464 1182 4517 Quaestiones
1197 4482 1246 4515 vae
1264 4469 1290 4515 in
1308 4470 1351 4517 the
1368 4470 1465 4528 Forum,
1475 4471 1525 4519 and

323 4524 834 4588 thia‘aubsortitio’purauanttotheIex.
937 4528 1505 4591 mmnightuemnlofmese'lritunua
