3517 5325
309 406 313 411 ’
343 452 407 515 rso
674 445 985 515 01111101.
1009 444 1206 512 11111110

344 618 511 683 discrimen
533 616 648 703 capitis
662 625 873 691 vocaverunt;
897 605 954 683 sed
975 624 1012 683 111
1034 618 1110 682 illud
1132 638 1288 683 summum
1311 616 1465 682 auxilinm
1479 638 1546 681 ma·

339 716 470 803 jestatis
483 724 582 801 atque
601 716 734 802 imperii,
751 718 836 802 quod
849 716 941 799 nobis
955 739 976 780 a
993 716 1166 801 majoribus
1188 724 1240 781 est
1261 715 1425 793 traditum,
1450 715 1490 779 de
1513 736 1547 778 re

342 816 469 901 publica
490 814 665 891 tolleretur,
688 822 725 879 ut
743 814 820 878 nihil
839 814 975 899 posthac
994 814 1170 879 auctoritas
1187 822 1327 892 senatus,
1341 814 1546 877 nihilconsn·

342 915 409 977 lare
424 913 597 999 imperium,
614 912 692 975 nihil
706 912 872 977 consensio
886 914 1042 977 bonorum
1057 921 1170 978 contra
1183 921 1306 998 pestem
1321 934 1359 977 ac
1373 910 1546 997 perniciem

343 1011 481 1075 civitatis
509 1010 638 1086 valeret,
668 1010 783 1092 idcireo
812 1010 844 1073 in
873 1008 924 1073 his
952 1010 1047 1074 rebus
1075 1010 1253 1074 evertendis
1283 1011 1377 1073 unius
1408 1008 1547 1073 hominis

343 1116 500 1186 senectus,
527 1108 694 1172 infirmitas
718 1107 919 1193 solitudoque
946 1114 1073 1173 tentata
1099 1114 1161 1171 est.
1206 1106 1419 1187 Quamobrem
1442 1105 1470 1170 si
1494 1114 1547 1170 est

343 1208 418 1271 boni
448 1204 594 1282 consulis,
624 1227 721 1289 quum
746 1204 1000 1269 cunctaauxilia
1024 1204 1234 1289 reipublicae
1260 1204 1445 1268 labefactari
1470 1224 1546 1267 con-

343 1304 476 1390 vellique
500 1304 617 1379 videat,
641 1302 723 1366 ferre
747 1324 839 1387 opem
864 1303 997 1387 patriae,
1023 1324 1205 1366 succurrere
1229 1302 1324 1366 saluti
1347 1302 1546 1387 fortunisque

344 1400 572 1479 communibus,
598 1400 765 1485 implorare
788 1399 904 1464 civium
926 1400 1031 1479 fidem,
1056 1422 1148 1464 suam
1176 1400 1310 1464 salutem
1335 1400 1546 1485 posteriorem

343 1503 445 1565 salute
475 1499 634 1564 communi
662 1498 786 1576 ducere,
817 1506 868 1562 est
897 1497 994 1561 etiam
1023 1498 1178 1563 bonorum
1206 1506 1241 1562 et
1265 1497 1395 1561 fortium
1419 1497 1543 1574 civium,

344 1598 452 1684 quales
468 1619 523 1661 vos
538 1596 685 1660 omnibus
699 1596 744 1661 rei
758 1595 903 1682 publicae
917 1597 1112 1681 temporibus
1126 1596 1307 1672 exstitistis
1330 1595 1544 1661 intercludere

343 1718 453 1762 omnes
467 1695 659 1759 seditionum
673 1694 749 1773 viss,
773 1694 1075 1787 munireqpraesidia
1096 1694 1141 1758 rei
1165 1694 1319 1779 publicae,
1338 1716 1496 1757 summum
1511 1692 1545 1756 in

343 1794 524 1860 consulibus
545 1793 721 1879 imperium,
737 1815 895 1857 summum
916 1793 948 1856 in
970 1798 1083 1857 senatu
1100 1792 1265 1856 consilium
1280 1800 1410 1877 putare;
1436 1813 1475 1859 ea
1489 1790 1545 1875 qui
1570 1788 1574 1795 ’

343 1902 471 1957 secutus
486 1892 539 1968 sit,
556 1891 647 1954 laude
663 1890 770 1975 potius
785 1898 819 1954 et
834 1891 953 1954 honore
968 1912 1062 1975 quam
1081 1911 1183 1975 poena
1197 1896 1229 1953 et
1246 1889 1397 1975 supplicio
1413 1890 1546 1975 dignum

306 2032 311 2039 ,
338 1990 494 2076 judicare.
539 1987 751 2067 Quamobrem
764 1988 853 2051 labor
868 1988 900 2051 in
915 1988 975 2052 hoc
988 1986 1182 2051 defendendo
1198 1988 1363 2074 praecipue
1378 2009 1467 2051 meus
1482 1994 1543 2065 est,

341 2087 484 2153 studium
504 2108 580 2151 vero
604 2085 812 2149 conservandi
835 2085 971 2149 hominis
996 2106 1160 2149 commune
1183 2086 1260 2149 mihi
1283 2085 1447 2150 vobiscum
1472 2106 1543 2149 esse

343 2186 482 2251 debebit.
528 2185 574 2249 ll.
599 2184 653 2249 Sic
669 2184 753 2249 enim
768 2184 952 2248 existimare
967 2185 1099 2262 debetis,
1118 2184 1268 2265 Quirites,
1291 2192 1366 2269 post
1375 2184 1543 2266 ,hominum

342 2284 526 2349 memoriam
554 2306 622 2354 rem
650 2282 767 2346 nnllam
795 2283 957 2367 majorem,
988 2282 1090 2369 magis
1119 2282 1335 2367 periculosam,
1367 2283 1467 2367 magis
1501 2282 1543 2345 ab

342 2384 487 2447 omuibus
515 2383 605 2446 vobis
641 2380 872 2467 providendam,
912 2402 1014 2466 neque
1053 2403 1073 2443 a
1111 2381 1238 2444 tribuno
1272 2381 1315 2466 pl.
1348 2388 1542 2465 susceptam,

341 2502 443 2566 neque
458 2502 478 2543 1
492 2480 619 2544 consule
641 2480 812 2556 defensam,
831 2501 932 2564 neque
953 2479 994 2542 ad
1017 2478 1165 2563 popul'hm
1181 2478 1359 2543 Romanum
1374 2501 1443 2543 esse
1459 2478 1544 2542 dela·

342 2585 419 2643 11111.
465 2578 587 2664 Agitur
609 2578 693 2642 enim
716 2577 793 2641 nihil
818 2578 903 2641 aliud
927 2577 960 2640 in
983 2577 1043 2640 hac
1067 2598 1189 2654 caussa,
1215 2576 1364 2657 Quirites,
1389 2599 1483 2664 quam
1507 2584 1544 2641 ut

342 2677 461 2742 nullum
475 2678 519 2741 sit
534 2678 667 2762 posthac
682 2678 714 2741 in
729 2699 763 2740 re
778 2677 904 2762 publica
918 2675 1078 2761 publicum
1094 2676 1268 2754 consilium,
1288 2677 1374 2741 nulla
1388 2678 1543 2740 bonorum

342 2776 506 2840 consensio
532 2784 644 2840 contra
672 2775 885 2860 improborum
910 2774 1049 2838 furorem
1075 2780 1109 2839 et
1134 2775 1308 2850 audaciam,
1340 2775 1459 2838 nullum
1488 2796 1543 2838 ex-

342 2874 453 2938 tremis
478 2873 690 2960 reipublicae
714 2873 909 2959 temporibus
934 2873 1113 2958 perfugium
1136 2880 1170 2937 et
1199 2873 1390 2958 praesidium
1419 2872 1542 2938 salutis.

344 2973 433 3053 Quae
458 2994 554 3057 quum
577 2973 625 3037 ita
647 2971 721 3048 sint,
749 2971 892 3056 primum,
919 2971 1003 3056 quod
1026 2972 1058 3034 in
1081 2977 1174 3036 tanta
1198 2969 1397 3035 dimicatione
1418 2971 1540 3056 capitis,

342 3070 445 3134 famae
470 3071 731 3155 fortunarumque
754 3068 894 3132 omnium
917 3068 984 3131 fieri
1008 3091 1137 3133 necesse
1159 3075 1218 3145 est,
1240 3069 1282 3132 ab
1304 3069 1326 3132 J
1330 3091 1386 3134 ove
1411 3066 1542 3154 Optimo

344 3168 489 3232 Maximo
513 3167 688 3252 ceterisque
711 3167 772 3230 diis
795 3167 977 3251 deabusque
1002 3167 1238 3241 immortalibus,
1262 3189 1394 3253 quorum
1420 3189 1479 3252 ope
1509 3175 1543 3231 et

341 3266 460 3329 auxilio
485 3266 586 3329 multo
609 3264 712 3348 magis
737 3265 814 3326 haec
836 3286 887 3327 res
912 3263 1038 3350 publica
1063 3287 1157 3350 quam
1180 3265 1303 3330 ratione
1326 3265 1486 3329 hominum
1509 3273 1542 3330 et

342 3361 473 3425 consilio
496 3363 700 3446 gubernatur,
725 3381 836 3446 pacem
860 3383 898 3424 ac
922 3361 1046 3426 veniam
1068 3369 1153 3447 peto,
1180 3384 1355 3449 precorque
1378 3363 1419 3428 ab
1443 3363 1482 3426 iis
1505 3369 1543 3426 ut

342 3457 528 3520 hodiernum
551 3457 635 3520 diem
660 3458 758 3521 etad
785 3457 880 3540 hujus
903 3459 1039 3524 salutem
1068 3461 1314 3524 conservandam
1343 3467 1376 3524 et
1404 3459 1446 3524 ad
1474 3481 1541 3524 rem

342 3643 430 3692 power.
464 3628 490 3676 lt
507 3628 563 3675 held
578 3629 620 3676 the
630 3627 829 3687 administrabo,
839 3629 926 3676 sndso
958 3629 999 3679 On
1026 3631 1128 3679 another
1154 3645 1261 3694 passage,
1294 3636 1403 3681 ‘orantes
1438 3631 1540 3682 nnism'

342 3695 436 3755 longas
453 3693 494 3740 the
510 3693 608 3740 citizens
620 3709 682 3741 were
701 3694 797 3741 faithful
816 3699 843 3742 tc
860 3694 926 3742 their
959 3695 1033 3758 (Aen.
1063 3696 1080 3743 i.
1105 3695 1174 3759 tas),
1207 3697 1238 3744 be
1264 3711 1333 3758 ssysr
1363 3697 1465 3745 “Venis
1497 3712 1541 3760 pro

342 3759 606 3872 tthttttt
613 3758 683 3870 ttl
690 3759 923 3887 stistte
956 3760 1226 3887 deotflat?
1245 3766 1542 3874 ttt„tlt¹’⁶t¹¹utt

342 3888 389 3936 sud
411 3893 502 3935 restore
525 3888 675 3950 tranquillity
696 3889 729 3952 by
750 3888 792 3936 the
819 3889 924 3952 salutsry
956 3890 1030 3952 aliqui
1047 3897 1127 3938 tamen
1144 3889 1245 3937 Veniam
1262 3905 1305 3951 pro
1321 3891 1465 3952 impunitate
1480 3893 1541 3940 seci-

341 3953 498 4016 punishment
508 3952 535 3999 of
542 3967 557 3999 1
567 3953 641 4000 rebel
957 3955 1034 4017 piunt,
1045 3968 1101 4001 111111
1121 3969 1178 4002 mox
1194 3953 1275 4000 addit:
1294 3954 1396 4002 Prohibe
1406 3955 1517 4004 infandos
1527 3971 1542 4003 1

375 4021 398 4066 2.
415 4016 535 4078 quornm]
556 4015 682 4065 ‘nisiotz'
700 4017 782 4065 1111111.
957 4019 1142 4079 nsvibnsignss.
1176 4019 1209 4066 Et
1224 4019 1320 4080 proprie
1339 4019 1439 4068 verbum
1460 4021 1542 4068 Ponti-

369 4097 457 4144 pacem
468 4097 497 4129 ae
507 4082 613 4143 oesiam]
957 4083 1026 4130 nale
1044 4089 1089 4140 est,
1101 4083 1165 4131 nude
1182 4089 1235 4130 est:
1252 4083 1290 4130 To
1310 4085 1381 4132 modo
1399 4099 1471 4148 posce
1484 4085 1541 4134 deos

375 4174 927 4286 “mes
1093 4147 1541 4262 “ets

399 4302 563 4365 &quirunt-n
663 4302 740 4366 (virg
752 4304 814 4351 Aen.
825 4303 857 4350 iv.
869 4301 922 4367 56.)
958 4277 1038 4370 When
1049 4278 1091 4325 the
1103 4277 1151 4364 Pl}
1163 4277 1191 4326 01
1199 4277 1241 4325 the
1252 4277 1317 4340 deity
1328 4293 1375 4326 m
1386 4279 1494 4340 5111111111,
1509 4279 1540 4326 he

342 4407 384 4456 en
400 4405 478 4452 which
500 4406 596 4453 sonim
614 4405 658 4454 nn
679 4405 722 4452 ue
743 4405 864 4466 following
885 4420 923 4453 ra
955 4357 1003 4390 Ν
1031 4347 1137 4404 'm'
1170 4457 1195 4469 ..
1481 4458 1487 4470 ,

342 4470 427 4518 marl:
449 4475 464 4498 ‘⁸
475 4470 633 4521 Pscmrous.
667 4470 872 4529 Benevolenticm,
883 4475 924 4517 ut:
991 4455 1117 4534 “Pffltu!
1144 4463 1264 4522 mlflsqmi
1290 4461 1376 4534 Nemi
1399 4457 1539 4534 lflsslffldffiv

344 4535 371 4582 Si
392 4535 443 4582 sine
461 4549 520 4595 pace
544 4541 588 4583 tua
611 4540 684 4596 atque
705 4534 780 4582 invito
798 4534 925 4582 numine.”
1055 4521 1153 4570 Afflf'
1275 4521 1358 4585 (onds
1370 4521 1475 4571 Μθῐ-Π·
1487 4519 1538 4584 31·)
