3517 5325
564 490 793 560 COMOEDO
817 494 920 562 OAP.
945 501 1083 564 12-14.
1364 509 1427 573 129

102 699 105 702 ⁴
220 661 329 740 tionis,
359 662 418 726 sed
446 661 573 726 initium
595 664 850 750 repromissionis
871 675 1017 753 spectare
1042 669 1156 736 debes:
1183 693 1294 758 neque,
1322 675 1349 738 si
1376 675 1428 742 illa

220 759 368 844 persequi
389 759 501 838 noluit,
518 783 593 837 non,
608 763 694 846 quod
715 763 749 826 in
763 786 800 828 se
820 765 892 842 fuit,
913 765 1070 848 judicavit
1093 768 1245 834 Roscium
1266 793 1342 836 suas
1363 795 1428 836 non

220 857 387 922 societatis
414 857 489 922 lites
517 859 698 924 redemisse.
745 859 839 940 Quid,
865 863 894 926 si
919 864 1051 940 tandem
1080 865 1210 950 planum
1235 867 1327 946 lacio,
1351 880 1428 956 post

221 955 413 1018 decisionem
434 963 574 1018 veterem
603 956 722 1032 Roscii,
752 966 827 1043 post
848 959 1125 1044 repromissionem
1154 969 1315 1028 recentem
1344 967 1427 1032 hanc

223 1051 339 1115 Fannii
364 1051 439 1116 H·S
462 1071 600 1116 cccrone
624 1053 784 1118 Fannium
812 1077 834 1119 a
857 1057 897 1137 Q.
924 1057 1035 1121 Flavio
1060 1057 1202 1145 Panurgi
1224 1062 1349 1126 nomine
1370 1065 1425 1128 ab

220 1149 367 1222 stulisse;
391 1157 502 1214 tamen
520 1150 639 1215 diutius
659 1152 791 1218 illudere
804 1152 864 1218 siri
882 1154 992 1240 optimi
1013 1155 1242 1222 existimationi
1260 1159 1298 1240 Q.
1315 1159 1426 1226 Roscii

220 1249 372 1314 audebit?

265 1345 369 1412 XIV.
393 1345 506 1411 Paullo
520 1353 597 1412 ante
617 1349 818 1434 quaerebam,
834 1349 867 1412 id
890 1350 974 1435 quod
989 1349 1195 1416 vehementer
1211 1353 1253 1416 sd
1273 1374 1340 1417 rem
1355 1375 1424 1440 per·

218 1444 355 1520 tinebat,
367 1465 430 1529 qna
444 1445 485 1508 de
498 1467 613 1510 caussa
629 1445 771 1524 Flavius,
783 1468 880 1533 quum
895 1448 935 1511 de
950 1455 1022 1512 tota
1036 1449 1092 1514 lite
1102 1449 1223 1515 faceret
1234 1450 1423 1536 pactionem,

219 1562 323 1627 neque
337 1541 416 1605 satis
429 1541 591 1628 acciperet
604 1565 625 1606 a
640 1542 759 1609 Roscio
773 1565 876 1629 neque
887 1544 1008 1628 judicio
1022 1545 1238 1612 absolveretur
1252 1570 1272 1612 a
1289 1547 1423 1613 Fannio.

221 1637 317 1702 Nunc
337 1661 422 1718 vero,
437 1639 470 1702 id
492 1640 577 1726 quod
597 1640 713 1704 mirum
727 1649 763 1706 et
783 1640 968 1706 incredibile
983 1649 1042 1719 est,
1062 1644 1189 1728 requiro
1208 1647 1422 1730 quamobrem,

220 1737 381 1821 quamde
406 1744 476 1802 tota
494 1759 530 1802 re
551 1737 724 1802 decidisset
738 1759 810 1803 curn
833 1739 961 1814 Roscio,
990 1739 1064 1804 H·S
1088 1762 1225 1806 eceman
1250 1743 1423 1828 separatim

222 1834 347 1900 Fannio
369 1835 523 1902 dissolvit.
577 1837 651 1901 Hoc
672 1836 754 1913 loco,
778 1837 898 1915 Saturi,
917 1837 993 1924 quid
1015 1861 1107 1924 pares
1129 1841 1319 1926 respondere
1340 1841 1423 1906 seire

219 1934 333 2020 copim
358 1942 466 1999 utrum
480 1935 607 1999 omniuo
628 1935 787 2000 Fannium
806 1957 827 2000 a
853 1935 966 2000 Flavio
988 1935 1062 2001 H·S
1084 1959 1220 2002 eceman
1237 1961 1299 2002 non
1314 1941 1423 2004 abstu-

218 2032 303 2111 lisse,
313 2055 354 2096 an
367 2033 430 2097 alio
445 2033 571 2097 nomine
581 2033 688 2098 stalis
703 2034 743 2098 de
753 2055 867 2100 caussa
880 2033 1072 2101 abstulisset
1117 2037 1151 2100 Si
1162 2037 1275 2100 alinde
1286 2058 1420 2112 caussa;

220 2132 396 2216 quaeratis
410 2130 470 2196 tibi
485 2153 559 2195 cum
581 2153 619 2196 eo
641 2131 887 2196 intercesseratl
932 2131 1036 2198 Nulla.
1082 2133 1242 2200 Addictua
1257 2141 1327 2200 orat
1343 2135 1422 2200 tibil

220 2227 304 2294 Non.
360 2228 498 2293 Frustra
517 2235 646 2314 tempus
667 2237 809 2296 contero.
863 2229 1009 2308 Omnino,
1042 2230 1154 2316 inquit,
1188 2232 1261 2297 H·S
1283 2253 1421 2297 coemes

218 2348 241 2389 a
266 2325 377 2390 Flavio
401 2348 464 2390 non
485 2326 629 2406 abstulit,
659 2349 762 2413 neque
785 2327 928 2412 Panurgi
950 2326 1076 2391 nomine
1098 2349 1200 2413 neque
1222 2329 1418 2415 cujusquam.

219 2424 256 2488 Si
280 2425 407 2510 planum
431 2425 514 2489 facio
542 2431 618 2510 post
645 2425 729 2490 hanc
759 2432 922 2489 recentem
951 2423 1190 2509 stipulationem
1212 2426 1322 2490 Roscii
1347 2426 1420 2490 H·S

219 2543 356 2586 cccmoo
374 2545 395 2587 a
410 2521 521 2586 Flavio
535 2530 570 2586 te
583 2521 763 2598 abstulisse,
779 2520 932 2606 numquid
947 2543 1078 2585 caussae
1093 2531 1144 2586 est
1158 2521 1233 2606 quin
1248 2524 1289 2586 nb
1300 2523 1421 2606 judicio

216 2621 314 2686 abeas
334 2619 517 2706 turpissime
539 2619 661 2684 rictusi
721 2618 793 2700 Quo
813 2626 900 2683 teste
929 2617 1028 2703 igitur
1055 2619 1116 2683 hoc
1137 2620 1266 2705 planum
1287 2620 1422 2686 faciam?

218 2718 374 2798 Venerat,
403 2728 442 2783 ut
470 2718 590 2803 opinor,
621 2717 700 2779 haec
720 2738 773 2780 res
801 2717 834 2781 in
860 2717 1027 2801 judicium.
1072 2718 1178 2783 Oerte.
1239 2720 1319 2800 Quis
1346 2728 1418 2788 erat

215 2817 356 2901 petitori
400 2814 554 2878 Fannius.
599 2814 679 2895 Quis
692 2816 786 2879 reusl
831 2813 971 2879 Flavius.
1018 2814 1097 2895 Quis
1117 2817 1237 2901 judex!
1281 2818 1419 2883 Olurius.

217 2914 272 2978 Ex
286 2913 337 2977 hia
351 2934 433 2977 unus
446 2912 525 2975 mihi
537 2912 632 2977 testis
645 2919 697 2976 est
710 2912 932 2997 producendus
947 2912 1000 2998 qui
1015 2915 1181 2999 pecuniam
1197 2915 1305 2980 datam
1321 2916 1419 2981 dicat.

217 3012 298 3094 Quis
320 3018 371 3077 est
392 3033 432 3076 ex
454 3010 505 3074 his
524 3009 750 3095 gravissimus?
794 3010 869 3074 Sine
892 3012 1108 3076 controversia
1130 3012 1184 3098 qui
1207 3012 1347 3077 omnium
1369 3014 1420 3098 ju·

217 3110 300 3175 dicio
329 3109 555 3195 comprobatus
576 3114 626 3171 est
649 3106 792 3192 [judex].
837 3108 938 3189 Quem
958 3108 1056 3194 igitur
1080 3132 1119 3173 ex
1137 3109 1187 3173 his
1204 3109 1346 3175 tribusa
1369 3133 1420 3174 me

217 3218 334 3274 testem
348 3208 528 3295 spectabis?
574 3206 775 3271 Petitoremi
820 3206 962 3273 Fannius
977 3216 1048 3275 est:
1073 3216 1184 3274 contra
1200 3232 1234 3273 se
1249 3232 1419 3297 numquam

217 3308 434 3373 testimonium
449 3307 546 3370 dicet.
592 3304 717 3369 Reumi
762 3305 892 3369 Flavius
906 3314 967 3371 est.
1018 3307 1052 3371 Is
1063 3308 1255 3393 jampridem
1271 3316 1323 3374 est
1336 3332 1417 3375 mor-

217 3411 302 3469 tuus.
356 3404 391 3469 Si
412 3404 540 3479 viveret,
560 3404 656 3467 rerba
677 3403 747 3487 ejus
769 3403 932 3467 audiretis.
986 3404 1156 3471 dudioenrl
1201 3406 1330 3471 Cluvius
1356 3416 1417 3473 est.

219 3502 302 3582 Quid
316 3502 344 3566 is
358 3503 459 3567 dicit!
504 3502 578 3569 H·S
594 3522 731 3566 coeman
748 3501 890 3587 Panurgi
906 3524 1021 3567 nomen
1044 3502 1188 3569 Flavium
1213 3504 1336 3571 Fannio
1352 3506 1416 3569 dis·

216 3600 359 3665 solvisse.
404 3601 506 3681 Quem
521 3600 599 3665 tusi
614 3622 654 3663 ex
671 3620 765 3664 censu
789 3606 926 3685 spectas,
944 3622 1042 3687 eques
1057 3602 1220 3669 Romanus
1235 3612 1309 3678 est;
1333 3605 1360 3669 si
1377 3627 1417 3670 ex

217 3700 291 3779 vita,
302 3700 395 3763 homo
410 3698 601 3763 clarissimus
615 3704 686 3775 eat3
710 3699 738 3764 si
752 3720 793 3762 ex
808 3705 852 3779 te,
865 3699 1006 3783 judicem
1021 3702 1185 3787 sumpsisti
1198 3728 1207 3777 ς
1233 3702 1260 3765 si
1279 3724 1319 3767 ex
1335 3702 1414 3768 veri-

215 3898 799 3961 theintrodnctioatoanintarrogntivasautanoe3
831 3897 911 3946 sodon
922 3897 984 3945 from
996 3898 1118 3947 Fannius?

215 3966 371 4013 forwahme
384 3966 411 4012 in
426 3965 476 4011 this
490 3965 602 4026 chapter:
621 3963 709 4019 'Quid
726 3964 801 4010 recita
864 3962 988 4009 addictus
1007 3968 1060 4009 erat
1076 3966 1121 4010 liti
1130 3964 1155 4025 1]
1190 3962 1243 4009 'Iha
1259 3962 1371 4022 meaning
1389 3960 1420 4009 ol

215 4030 287 4076 istam
297 4030 502 4091 restipulationem
513 4026 616 4076 clarius!
648 4027 704 4075 And
715 4028 740 4074 in
751 4026 801 4074 thia
833 4024 974 4073 ‘addictus'
988 4026 1014 4085 jn
1032 4026 1074 4073 the
1089 4026 1183 4074 Roman
1200 4028 1326 4073 enecation
1343 4026 1417 4073 neoda

216 4099 330 4141 sentence
340 4094 423 4142 Cicero
433 4094 559 4141 mahaaan
572 4092 725 4139 affimation.
760 4091 800 4138 llo
832 4105 865 4138 no
875 4090 1028 4153 explanation
1043 4090 1107 4137 here.
1141 4090 1376 4152 Somethingisaaid
1391 4090 1419 4137 ol

216 4172 272 4220 says
290 4158 377 4215 ‘weit
391 4173 440 4219 yon
457 4158 533 4219 ought
547 4156 645 4204 to'look
659 4161 703 4202 not
718 4160 744 4201 at
758 4155 801 4202 tha
832 4156 888 4202 itin
899 4156 943 4203 tho
953 4156 1046 4201 oration
1059 4154 1105 4202 Pro
1117 4154 1209 4211 Flacco,
1221 4170 1241 4203 c.
1254 4158 1294 4203 2⁰.

215 4223 292 4271 result
302 4222 331 4271 ui
343 4223 386 4270 the
396 4222 499 4270 demand
510 4236 541 4268 on
554 4221 657 4276 Planius,
668 4218 713 4266 bnt
723 4224 749 4266 at
758 4220 802 4267 tha
868 4219 996 4281 [judamss
1020 4218 1080 4266 'thia
1088 4219 1153 4266 word
1162 4234 1239 4267 seems
1250 4226 1275 4266 to
1287 4218 1359 4267 bean
1370 4232 1415 4265 nn·

216 4288 295 4349 origin
305 4288 334 4334 of
341 4284 562 4349 thareprumissio!
721 4310 726 4320 ·
833 4298 958 4345 amassary
985 4283 1149 4331 addition-⁸
1160 4290 1247 4331 testem
1270 4284 1415 4347 spectabis?

254 4355 291 4401 ll.
308 4354 508 4414 quarm-sacerd
514 4347 676 4413 pactionem]
697 4346 799 4403 maen,
831 4348 880 4395 thia
891 4362 935 4395 can
944 4348 1028 4409 hardly
1039 4347 1118 4394 buthe
1128 4348 1193 4407 right
1204 4349 1308 4410 reading.
1326 4349 1414 4397 Monu-

216 4416 240 4463 it
250 4417 311 4464 itha
321 4424 384 4473 true,
399 4432 426 4463 aa
437 4416 544 4463 Chaerea
554 4428 616 4475 says,
632 4412 687 4458 that
705 4412 799 4457 Flavium
831 4412 880 4458 tius
899 4426 1013 4473 proposes
1026 4418 1031 4439 ¹
1042 4412 1160 4472 expectas’
1172 4428 1200 4460 or
1217 4420 1223 4441 ¹
1232 4414 1387 4476 expectabilis
1396 4412 1415 4471 ;'

216 4482 384 4543 compounded
403 4481 461 4527 nith
483 4479 584 4527 Roscius
604 4476 642 4524 lor
662 4476 705 4523 tha
723 4476 800 4522 whole
832 4476 880 4522 aud
893 4476 1018 4523 Hotrnann
1031 4476 1179 4525 thinhathot
1188 4478 1208 4525 it
1219 4478 1304 4527 should
1315 4478 1414 4526 ba‘ex-

216 4546 287 4593 ralna
300 4547 329 4594 ol
340 4547 384 4593 the
400 4546 472 4600 slave,
482 4545 537 4606 why
551 4542 592 4591 did
606 4541 639 4589 he
653 4540 748 4587 neither
759 4543 800 4600 gat
831 4538 959 4603 pertabis,'
970 4540 1047 4588 which
1057 4540 1130 4589 Klotz
1141 4542 1184 4591 bna
1195 4542 1220 4590 ia
1231 4544 1269 4591 his
1281 4548 1340 4591 text.

214 4612 320 4673 security
333 4611 396 4658 from
411 4610 512 4659 Roscius
527 4624 571 4657 nor
585 4624 600 4655 a
611 4608 702 4655 release
715 4604 743 4652 oi
756 4604 799 4652 tha

262 4698 336 4741 v01..
355 4697 392 4738 ll.
1223 4694 1243 4735 Κ

1457 155 1689 544 W
