3517 5325
665 965 714 1029 M.
738 962 901 1031 TULLII
925 962 1172 1029 OIOERONIS

903 1156 948 1199 DE

591 1310 807 1426 LEGE
872 1309 1271 1425 AGRARIA

876 1528 984 1563 cosm

499 1655 541 1726 P.
576 1655 871 1729 SERVILIUM
907 1654 1141 1739 RULLUM,
1175 1654 1250 1725 TR.
1286 1654 1360 1725 PL.

738 1846 913 1911 ORATIO
942 1845 1127 1926 TERTIA,

807 2019 854 2067 AD
877 2018 1052 2069 POPULUM.

375 2184 402 2249 I.
426 2182 629 2249 Commodius
643 2180 792 2247 fecissent
807 2182 926 2246 tribuni
942 2182 1051 2267 plebis,
1069 2182 1217 2265 Quirites,
1234 2182 1262 2247 si
1278 2204 1358 2269 quae
1373 2183 1459 2269 apud
1474 2203 1532 2247 vos

331 2284 371 2348 de
392 2306 443 2347 me
465 2281 620 2357 deserunt,
644 2303 682 2345 ea
703 2303 809 2344 coram
831 2280 939 2367 potius
954 2304 1004 2345 me
1019 2290 1187 2367 praesente
1207 2283 1382 2355 dixissent;
1408 2304 1481 2345 nam
1497 2288 1533 2345 et

331 2381 525 2477 aequitatem
540 2390 664 2443 vestrae
679 2378 928 2464 disceptationis,
946 2387 979 2443 et
995 2380 1253 2444 consuetudinem
1274 2379 1479 2465 superiorum,
1497 2384 1532 2441 et

327 2480 382 2564 jus
397 2501 474 2542 suae
489 2478 658 2562 potestatis
673 2476 889 2541 retinuissent.
936 2477 1000 2541 Sed
1015 2478 1162 2563 quoniam
1176 2478 1281 2543 adhuc
1299 2498 1449 2563 praesens
1464 2498 1532 2539 cer·

331 2584 440 2641 tamen
465 2576 762 2660 contentionemque
791 2575 950 2660 fugerunt,
976 2597 1058 2639 nunc
1084 2575 1111 2639 si
1135 2576 1259 2639 videtur
1285 2575 1341 2651 eIs,
1366 2575 1398 2638 in
1428 2595 1532 2637 meam

331 2675 512 2741 contionem
526 2675 689 2759 prodeant,
713 2683 747 2738 et
769 2696 831 2760 quo
849 2673 1013 2759 provocati
1028 2695 1048 2737 a
1062 2696 1113 2738 me
1128 2675 1233 2738 venire
1249 2674 1425 2750 noluerunt,
1441 2695 1531 2737 revo-

332 2775 395 2839 cati
410 2773 523 2837 saltem
538 2780 746 2836 revertantur.
793 2771 897 2835 Video
913 2771 1077 2857 quosdam,
1095 2771 1244 2852 Quirites,
1261 2773 1395 2857 strepitu
1412 2771 1530 2856 signifi-

332 2894 404 2936 care
420 2871 527 2934 nescio
543 2870 626 2956 quid,
642 2877 676 2934 et
690 2893 753 2934 non
768 2871 896 2934 eosdem
910 2871 1017 2934 vultus
1039 2893 1119 2956 quos
1139 2871 1283 2956 proxima
1298 2893 1369 2934 mea
1383 2869 1530 2934 contione

332 2970 544 3055 praebuerunt
558 2967 590 3030 in
605 2969 686 3032 banc
701 2968 882 3031 contionem
897 2967 974 3030 mibi
990 2969 1161 3033 rettulisse.
1208 2967 1312 3048 Quare
1327 2990 1347 3032 a
1362 2968 1461 3044 vobis,
1477 2967 1531 3052 qui

332 3067 410 3130 nihil
424 3067 464 3130 de
479 3089 529 3130 me
544 3065 731 3144 credidistis,
753 3073 791 3130 ut
812 3087 882 3128 eam
898 3067 1094 3131 voluntatem
1116 3089 1210 3153 quam
1229 3089 1354 3152 semper
1375 3067 1531 3130 habuistis

332 3185 409 3248 erga
434 3185 484 3226 me
510 3163 673 3226 retineatis
696 3171 790 3247 peto;
805 3153 834 3226 'a
857 3164 946 3228 vobis
968 3173 1085 3244 autem,
1111 3187 1190 3252 quos
1213 3166 1324 3230 leviter
1344 3167 1531 3230 immutatos

332 3283 403 3324 esse
417 3260 528 3337 sentio,
545 3281 676 3344 parvam
690 3259 795 3343 exigui
818 3262 971 3345 temporis
990 3285 1117 3326 usuram
1139 3265 1238 3328 bonse
1253 3265 1292 3326 de
1306 3286 1357 3327 me
1373 3264 1530 3349 opinionis

332 3358 466 3443 postulo,
484 3365 521 3419 ut
535 3378 614 3434 eant,
631 3357 658 3419 si
673 3379 754 3441 quae
770 3357 878 3420 dixero
895 3360 983 3423 vobis
1005 3361 1154 3444 probabo,
1174 3369 1327 3446 perpetuo
1343 3361 1527 3436 retineatis;

332 3456 382 3520 sin
403 3455 505 3530 aliter,
522 3455 583 3518 hoc
606 3454 675 3540 ipso
697 3454 729 3516 in
752 3453 822 3518 loco
843 3456 1023 3540 depositam
1042 3466 1139 3543 atque
1160 3459 1320 3542 abjectam
1334 3459 1529 3544 relinquat-is.

334 3552 488 3636 completi
511 3559 586 3616 sunt
606 3552 702 3616 animi
723 3574 879 3638 auresque
896 3563 1029 3634 vestrae,
1053 3555 1201 3636 Quirites,
1225 3578 1276 3620 me
1297 3555 1530 3640 gratificantem

332 3659 456 3736 septem
466 3651 610 3736 tyrannis
621 3650 798 3736 ceterisque
815 3652 1013 3717 Sullanarum
1025 3655 1274 3740 assignationum
1285 3655 1527 3738 possessoribus,

331 3749 476 3836 agrariae
499 3749 562 3836 legi
581 3757 616 3813 et
634 3750 808 3814 commodis
822 3752 938 3816 vestris
962 3751 1127 3817 obsistere.
1174 3752 1247 3816 Hoc
1271 3753 1371 3838 siqui
1392 3752 1532 3816 credide·

332 3855 418 3925 runt,
449 3847 525 3910 illud
550 3847 639 3933 prius
664 3847 857 3912 crediderint
880 3870 1010 3912 necesse
1036 3855 1096 3925 est,
1121 3848 1180 3912 hac
1206 3849 1275 3934 lege
1299 3849 1426 3933 agraria
1451 3871 1531 3934 quae

332 3945 533 4032 promulgata
555 3952 606 4010 est
628 3944 725 4009 adimi
750 3945 896 4010 Sullanos
915 3943 1011 4029 agros
1027 3946 1177 4030 vobisque
1201 3945 1304 4026 dividi,
1321 3954 1378 4011 aut
1397 3946 1532 4032 denique

367 4108 389 4154 l.
405 4104 508 4167 septem]
529 4105 601 4153 Some
622 4120 694 4152 seven
713 4120 769 4152 men
785 4105 839 4153 vrbo
858 4105 915 4154 held
947 4119 980 4152 on
991 4105 1069 4153 which
1080 4105 1173 4152 settlers
1187 4105 1303 4168 mightbe
1313 4106 1418 4168 planted.
1453 4106 1533 4168 Agna

331 4171 525 4232 lngepieeesof
535 4170 598 4217 land.
631 4169 758 4217 Turnebus
766 4171 915 4231 conjectures
947 4170 1026 4217 intbe
1037 4176 1095 4217 next
1105 4170 1204 4230 chapter
1220 4172 1251 4217 be
1266 4186 1320 4218 uses
1336 4171 1378 4218 tbe
1393 4173 1532 4232 expression

332 4237 396 4283 their
406 4250 498 4281 names.
948 4235 1078 4296 “subquam
1102 4235 1281 4282 similitudinem
1305 4236 1415 4296 propriso
1437 4251 1532 4296 posses-

365 4299 563 4360 adr'mi-ms'aus]
584 4299 624 4345 He
639 4298 725 4359 speaks
739 4298 767 4345 ot
778 4303 827 4345 two
843 4298 915 4346 kinds
948 4298 1046 4346 sionis.”
1079 4299 1139 4346 This
1156 4299 1234 4346 shows
1250 4300 1305 4346 that
1321 4299 1363 4346 the
1380 4301 1491 4362 meaning
1507 4299 1535 4346 of

332 4363 473 4419 otlandus
486 4363 543 4410 lsnd
559 4363 668 4423 meiguod
684 4362 717 4424 by
734 4363 801 4409 Sulla
815 4369 840 4412 to
857 4378 914 4410 rnen
947 4363 1090 4424 ‘possessio'
1102 4363 1355 4410 isnotlinritedtotho
1367 4363 1531 4424 ‘possoesion’

332 4427 411 4475 whom
429 4429 459 4474 he
475 4428 532 4474 calls
546 4428 711 4474 ‘Sullanarum
725 4427 914 4488 sssignstIonunr
946 4427 1059 4488 oIpuinc
1069 4428 1134 4474 land.
1153 4427 1289 4476 ⁴Turnebus
1297 4429 1365 4475 knew
1374 4429 1432 4475 this:
1449 4435 1465 4456 ‘⁶
1474 4429 1532 4476 Pos-

333 4491 526 4552 posaessorIbus,’
537 4492 585 4538 snd
602 4492 630 4539 ot'
646 4491 727 4554 public
740 4491 797 4538 lsnd
813 4492 870 4538 held
881 4491 896 4538 b
946 4493 1062 4540 sessiones
1073 4492 1193 4540 Interdum
1203 4499 1318 4540 socsntur
1327 4493 1378 4553 agri
1389 4493 1436 4540 Iste
1447 4499 1532 4554 peten-

333 4555 426 4615 prisste
442 4570 541 4618 persons
562 4555 720 4619 (prirstorum
740 4507 913 4618 possessiouosb
947 4561 992 4614 tes,
1000 4555 1065 4619 iique
1077 4556 1113 4604 rel
1121 4555 1212 4618 publr'ei
1228 4557 1266 4605 vel
1276 4555 1389 4619 privati.”
1424 4557 1533 4605 Inorder
