3517 5325
346 505 389 567 88
664 498 800 565 ORAT.
823 497 916 563 PRO
941 497 1047 562 SEX.
1071 497 1238 564 ROSCIO

345 672 505 757 latiaeque
519 669 671 736 uictoriae
692 670 860 734 nuntium?
880 691 945 732 non
970 676 1041 734 orat
1064 676 1102 734 ut
1125 692 1195 734 eam
1221 675 1349 734 noctem
1374 667 1551 755 pervigilet,

346 777 384 836 ut
399 769 527 833 honoris
551 768 600 832 sui
615 789 729 832 caussa
751 769 883 846 laboret,
901 773 939 832 ut
961 766 1110 853 Capitoni
1135 789 1231 852 quam
1253 766 1390 852 primum
1405 766 1553 831 nuntiet?

349 868 434 950 Quid
457 875 526 931 erat
550 867 635 951 quod
662 865 850 950 Capitonem
874 864 1010 950 primum
1034 864 1115 928 scire
1138 863 1293 928 voluerit?
1338 863 1464 942 Nescio,
1492 863 1553 926 nisi

346 967 408 1030 hoc
423 965 524 1040 video,
541 964 727 1049 Capitonem
742 963 774 1026 in
790 963 839 1026 his
854 963 947 1027 bonis
962 985 1032 1027 esse
1046 962 1177 1026 socium.
1216 960 1267 1026 De
1281 960 1383 1026 tribus
1397 973 1432 1026 et
1443 961 1552 1025 decem

348 1063 455 1128 lundis
469 1071 537 1127 tres
552 1061 765 1126 nobilissimos
778 1060 893 1124 fundos
916 1082 988 1124 eum
1010 1060 1101 1124 video
1123 1059 1295 1144 possidere.
1344 1059 1448 1122 Audio
1463 1080 1552 1144 prae-

346 1167 438 1226 terea
452 1183 516 1224 non
531 1160 614 1223 hauc
640 1158 852 1244 suspicionem
874 1181 958 1222 nunc
984 1158 1122 1244 primum
1146 1158 1179 1220 in
1204 1157 1391 1243 Capitonem
1406 1155 1552 1220 conferri.

350 1258 473 1322 Multas
487 1280 559 1322 esse
574 1257 707 1321 infames
723 1256 863 1341 palmas:
881 1256 964 1320 hanc
980 1256 1114 1342 primam
1125 1264 1312 1320 essetamen
1323 1253 1549 1332 lemniscatam,

348 1379 431 1442 quae
446 1355 568 1420 Romae
583 1355 762 1420 deteratur:
786 1353 907 1416 nullum
923 1354 1051 1418 modum
1074 1375 1144 1418 esse
1159 1353 1295 1418 hominis
1310 1351 1473 1418 occidendi
1489 1374 1552 1437 quo

350 1455 401 1518 ille
415 1477 480 1518 non
509 1454 632 1539 aliquot
660 1451 832 1516 occiderit:
857 1451 976 1515 multos
999 1451 1093 1528 l'erro,
1119 1451 1236 1516 multos
1259 1473 1389 1515 veneno.
1436 1449 1552 1514 Habeo

349 1553 447 1618 etiam
462 1553 567 1617 dicere
583 1574 678 1638 quem
693 1558 807 1616 contra
828 1572 949 1614 morem
971 1551 1136 1634 majorum,
1160 1551 1314 1614 minorem
1328 1549 1420 1612 annis
1443 1571 1495 1626 rx,
1512 1549 1551 1610 de

350 1658 447 1736 ponte
463 1651 493 1713 in
519 1649 660 1714 Tiberim
686 1648 847 1732 dejecerit.
893 1648 982 1729 Quae
1006 1648 1033 1712 si
1058 1647 1223 1732 prodierit,
1238 1655 1334 1734 atque
1360 1647 1439 1710 adeo
1454 1668 1552 1732 quum

347 1747 511 1832 prodierit,
526 1746 593 1810 scio
619 1745 704 1809 enim
726 1745 927 1830 proditurum
953 1767 1033 1824 esse,
1060 1745 1178 1810 audiet.
1224 1743 1345 1810 Veniat
1358 1746 1471 1809 modo:
1497 1767 1550 1808 ex-

349 1845 447 1931 plicet
462 1866 555 1908 suum
570 1843 715 1908 volumen
729 1842 816 1919 illud,
832 1844 917 1928 quod
933 1843 961 1906 ei
984 1844 1112 1929 planum
1127 1845 1231 1908 lacere
1246 1865 1375 1929 possum
1398 1843 1551 1908 Erucium

349 1941 591 2028 conscripsisse:
617 1941 701 2026 quod
717 1939 806 2004 aiunt
830 1940 918 2003 illum
934 1941 1008 2006 Sex.
1026 1941 1144 2005 Roscio
1168 1941 1344 2006 intentasse
1370 1949 1404 2005 et
1419 1939 1545 2004 minita-

348 2047 418 2105 tum
433 2061 512 2114 esse,
529 2061 563 2103 se
579 2038 684 2102 omnia
697 2038 751 2102 illa
766 2059 823 2123 pro
848 2037 1031 2102 testimonio
1055 2060 1125 2104 esse
1140 2039 1310 2104 dicturum.
1357 2038 1385 2102 0
1409 2037 1550 2124 praecla-

347 2159 418 2201 rum
433 2144 559 2214 testem,
573 2136 719 2221 judices!
745 2157 764 2198 o
779 2135 970 2221 gravitatem
985 2135 1113 2222 dignam
1133 2137 1390 2222 exspectatione!
1416 2136 1550 2200 avitam

347 2235 515 2299 honestam
529 2244 627 2320 atque
641 2233 796 2319 ejusmodi
811 2242 848 2296 ut
861 2233 1034 2298 libentibus
1049 2234 1163 2299 animis
1184 2236 1225 2300 ad
1239 2219 1318 2320 ⁵ejus
1332 2235 1549 2300 testimouium

346 2341 487 2397 vestrum
498 2333 720 2418 jusjurandum
734 2331 1002 2396 accommodetis!
1051 2332 1203 2396 Proiecto
1218 2355 1281 2397 nou
1302 2340 1367 2398 tam
1383 2332 1548 2418 perspicue

346 2431 479 2496 istorum
494 2429 650 2495 maleficia
665 2431 849 2508 videremus,
866 2429 927 2494 nisi
942 2429 1029 2515 ipsos
1043 2453 1157 2496 caecos
1178 2431 1327 2496 redderet
1342 2431 1499 2517 cupiditas
1514 2439 1548 2494 et

346 2531 481 2595 avaritia
500 2539 534 2595 et
548 2530 691 2594 audacia.
730 2529 912 2595 XXXVI.
936 2531 1031 2594 Alter
1045 2553 1085 2594 ex
1101 2531 1168 2616 ipsa
1183 2531 1279 2594 caede
1294 2531 1454 2595 volucrem
1469 2553 1548 2594 nun-

345 2629 426 2695 tium
438 2629 603 2695 Ameriam
612 2629 654 2694 ad
663 2627 782 2693 socium
797 2635 895 2715 atque
906 2629 948 2693 ad
958 2628 1145 2716 magistrum
1154 2651 1246 2693 suum
1255 2628 1351 2708 misit,
1363 2635 1407 2708 ut,
1418 2628 1445 2693 si
1455 2627 1546 2693 dissi-

345 2728 579 2792 mulareomnes
590 2733 744 2813 cuperent
754 2749 789 2791 se
797 2726 881 2791 scire
892 2728 1033 2813 adquam
1042 2726 1231 2792 maleficium
1241 2728 1425 2813 pertineret,
1438 2735 1547 2793 tamen

345 2952 436 3000 writers
454 2966 495 3000 are
516 2966 627 3000 common
648 2952 674 2998 in
693 2951 790 3010 Cicero;
817 2952 865 2998 aad
888 2950 930 2999 the
959 2950 1065 3011 justified
1076 2950 1101 2998 in
1113 2949 1477 3013 somemeasurebyareading
1495 2950 1546 2998 ‘in-

344 3016 442 3065 Judices
458 3018 512 3064 who
520 3032 580 3064 were
593 3016 708 3064 mucated
722 3032 776 3063 men
791 3016 870 3063 would
883 3032 929 3063 un-
961 3014 1064 3063 famina!

347 3080 459 3129 derstsnd
478 3082 527 3129 this
545 3082 646 3129 allusion
663 3088 689 3128 to
705 3081 748 3128 the
760 3080 892 3128 charioteer
905 3080 934 3127 ol
995 3080 1207 3143 Habeo-dicere]
1238 3080 1321 3129 Cicero
1329 3094 1384 3128 uses
1393 3080 1441 3127 this
1448 3094 1545 3141 expres-

346 3146 459 3194 Achilles·
492 3146 597 3194 Juvenal
608 3145 635 3209 (i.
647 3147 692 3204 61)
703 3146 747 3192 has
963 3145 1024 3200 sion,
1046 3144 1149 3207 perhaps
1170 3161 1202 3192 au
1223 3145 1388 3193 imitationes
1406 3145 1448 3193 the
1466 3146 1547 3193 Greek

963 3209 1034 3265 torm,
1045 3210 1134 3257 several
1142 3210 1221 3257 times.
1254 3210 1307 3258 'lhe
1318 3210 1372 3257 best
1382 3216 1546 3271 commentary

412 3274 592 3323 “Automedon
602 3274 722 3322 namlora
731 3272 857 3321 tenebat.”
963 3288 995 3321 on
1014 3274 1077 3322 what
1094 3274 1186 3322 follows
1203 3275 1223 3321 is
1242 3274 1284 3321 the
1303 3290 1402 3337 passage
1421 3274 1449 3321 ot
1468 3274 1545 3323 Varro

963 3340 1052 3401 quoted
1069 3338 1101 3402 by
1118 3340 1213 3387 Nonius
1229 3340 1370 3387 Marcellus:
1398 3340 1503 3393 “Quum
1519 3340 1546 3387 in

380 3402 566 3465 mirratum]
601 3403 625 3451 Α
644 3400 756 3465 'palma'
774 3402 932 3451 withaband
965 3404 1075 3466 quintum
1093 3404 1193 3465 madum
1211 3404 1545 3467 perveneruntatquehabo-

347 3479 375 3513 or
391 3464 492 3514 ribband
510 3464 671 3530 (λημνίσκος)
688 3467 738 3514 tied
754 3466 829 3514 about
844 3468 872 3514 it.
907 3468 932 3515 lt
964 3467 1023 3515 bant
1045 3470 1167 3530 sexaginta
1182 3484 1265 3525 annos,
1287 3474 1339 3516 tum
1358 3470 1460 3531 deniqne
1477 3476 1546 3517 erant

348 3545 396 3577 was
403 3531 508 3592 ahigher
516 3531 606 3578 reward
612 3531 670 3578 than
678 3531 721 3579 the
729 3531 814 3593 simple
823 3531 930 3593 ‘palma’
963 3548 978 3579 a
988 3532 1089 3596 publicis
1100 3534 1201 3594 negotiis
1212 3533 1281 3581 liberi
1291 3539 1364 3595 atque
1374 3535 1452 3583 otiosi.
1486 3534 1545 3582 ldao

346 3594 407 3642 'l'his
423 3610 521 3657 passage
538 3595 559 3643 is
576 3602 619 3642 not
637 3612 701 3658 easy.
742 3596 794 3644 'l'he
810 3596 930 3658 proposed
962 3597 988 3645 in
1009 3597 1160 3660 proverbium
1180 3598 1276 3659 quidam
1299 3604 1385 3660 putant
1407 3599 1499 3646 venisse
1517 3606 1546 3646 ut

345 3659 562 3721 reading⁴lloma⁹
574 3660 801 3721 mustbereJ'ected.
834 3662 931 3724 Among
963 3662 1087 3717 diceretur,
1096 3662 1264 3723 Sexagenmios
1275 3662 1305 3709 de
1313 3668 1387 3725 ponte
1394 3664 1462 3724 dejici
1473 3678 1545 3724 opor·

345 3723 389 3771 the
407 3739 480 3785 many
499 3725 622 3786 meanings
643 3725 671 3772 ot
694 3724 817 3783 ‘deferta'
837 3726 857 3773 is
877 3727 930 3774 that
962 3732 1019 3784 tere,
1038 3726 1063 3773 id
1082 3732 1127 3783 est,
1147 3726 1211 3788 quod
1233 3727 1371 3788 suffragium
1390 3742 1439 3774 non
1458 3728 1544 3783 serant,

346 3789 424 3836 which
435 3790 454 3835 it
465 3789 542 3837 basin
553 3790 802 3852 thupaaegeandin
813 3790 928 3839 DeOrat.
962 3792 1026 3853 quod
1038 3807 1081 3853 per
1095 3798 1193 3853 pontem
1205 3791 1350 3839 terebatur.”
1383 3792 1436 3839 The
1450 3790 1544 3853 ‘pons'

344 3852 446 3967 w,
466 3861 506 3902 ‘to
517 3854 625 3902 couterr'
643 3856 730 3917 'hujus
741 3856 775 3903 rei
792 3856 929 3918 palmam-
962 3856 983 3903 is
996 3856 1037 3903 the
1052 3856 1162 3903 enclosed
1177 3872 1230 3918 way
1241 3856 1318 3905 which
1335 3856 1374 3904 led
1390 3862 1417 3903 to
1433 3856 1475 3905 the
1490 3858 1544 3920 pol·

448 3919 579 3968 detulisse!
610 3920 690 3967 There
707 3921 810 3969 remains
827 3922 930 3983 nothing
962 3921 1012 3982 ling
1026 3921 1105 3983 places
1120 3919 1218 3983 (septa).
1250 3921 1309 3969 This
1324 3936 1423 3984 passage
1436 3922 1544 3984 explains

344 3984 471 4045 toeaplain
479 3990 563 4046 except
569 3984 611 4032 the
619 3984 769 4047 subjunctive
780 3982 928 4044 ‘detentum'
962 3985 1067 4033 Cieero’s
1080 3986 1145 4046 johe,
1156 4001 1184 4033 or
1200 3986 1319 4033 whatever
1333 3986 1353 4033 is
1364 3987 1406 4034 the
1422 4002 1492 4035 name
1508 3986 1545 4035 lor

343 4048 421 4096 which
432 4049 538 4111 depende
552 4064 584 4096 on
604 4049 801 4107 ‘lemniscatam'
819 4050 896 4097 which
907 4050 927 4097 is
960 4052 993 4097 it:
1013 4050 1112 4097 Roscius
1123 4050 1143 4097 is
1154 4050 1204 4098 said
1218 4056 1245 4099 to
1259 4050 1319 4098 haee
1334 4050 1406 4099 killed
1418 4068 1432 4099 a
1443 4068 1498 4099 man
1510 4052 1543 4114 by

341 4113 385 4160 the
395 4113 496 4175 subJect
507 4114 555 4161 aud
571 4114 649 4161 ‘hanc
659 4116 760 4176 primam
770 4114 777 4135 ⁹
788 4115 809 4161 is
819 4115 862 4161 the
872 4130 927 4176 pre·
960 4114 1079 4175 throwing
1094 4114 1143 4162 him
1161 4116 1213 4163 into
1229 4116 1272 4164 the
1282 4116 1369 4173 'liban
1384 4116 1431 4163 and
1445 4117 1509 4164 what
1523 4118 1543 4165 is

342 4178 426 4225 dicate.
460 4178 513 4226 The
521 4179 598 4226 whole
605 4179 815 4241 meaningisthis:
834 4179 928 4226 ‘lhear
960 4179 1002 4225 the
1013 4180 1076 4226 main
1088 4185 1175 4227 matter
1190 4180 1439 4242 inthey'oke,bet'ore
1453 4181 1543 4230 hewse

342 4241 396 4289 that
412 4243 480 4291 there
495 4258 536 4291 are
553 4258 625 4305 many
642 4244 720 4305 palma
738 4243 777 4305 (ol
790 4242 927 4305 his)—that
959 4244 1022 4305 sirty
1039 4258 1107 4304 years
1121 4244 1170 4292 old.
1203 4246 1256 4293 The
1274 4260 1374 4307 passage
1384 4245 1409 4292 in
1420 4246 1463 4294 the
1477 4246 1542 4295 Fasti

343 4306 392 4353 this
410 4306 519 4355 however
535 4308 556 4354 ia
573 4309 616 4356 the
630 4308 700 4365 chief,
711 4323 727 4354 a
739 4308 885 4363 lemniscata,
900 4312 926 4354 to
959 4306 992 4370 (v.
1004 4307 1063 4372 620)
1072 4310 1093 4356 is
1103 4310 1180 4357 worth
1190 4310 1301 4372 reading=

341 4369 373 4416 ba
389 4370 511 4418 conterred
533 4387 564 4419 ou
582 4373 632 4419 him
651 4378 677 4420 at
696 4370 791 4419 Rome!
835 4372 848 4418 1
865 4372 927 4419 have

339 4432 417 4480 added
436 4435 480 4481 ‘ot
492 4435 547 4492 his,'
557 4436 635 4483 which
649 4437 722 4484 isthe
732 4436 858 4498 meaning;
874 4437 923 4485 and
956 4436 1042 4485 “Tium
1061 4452 1157 4501 quoque
1178 4439 1309 4501 priscorum
1332 4439 1398 4501 virgo
1417 4440 1543 4489 simulacra

342 4496 416 4544 Klotz
427 4498 494 4546 reads
512 4501 614 4547 ‘multas
630 4516 683 4549 esee
692 4501 793 4548 infames
809 4502 861 4562 ejus
871 4502 923 4563 pal·
1052 4504 1156 4550 virorum

341 4560 410 4618 ω’
426 4562 504 4609 which
521 4564 571 4611 isa
587 4566 723 4626 conjecture
739 4565 767 4613 ot
782 4566 922 4623 lambiuus,
1004 4566 1103 4616 Mittere
1113 4567 1540 4630 roboreoscirpeapontesolet‚”&c.

341 4641 357 4674 a
372 4628 516 4689 coajmure,
530 4627 617 4687 which,
633 4644 661 4676 as
677 4629 753 4677 Orelli
768 4629 887 4689 obseres,
902 4631 923 4679 is
