3517 5325
323 508 387 572 232
650 501 787 569 ΟΒΑΤ.
811 501 903 566 PRO
926 501 969 567 A.
992 499 1195 598 CAECINA

323 683 358 741 te
372 675 465 740 dixti.
510 673 601 760 Nego
616 695 667 738 me
682 696 723 738 ex
737 674 867 738 decreto
882 671 1040 758 praetoris
1054 672 1241 737 restitutum
1259 693 1339 736 esse.
1387 671 1471 752 Quid
1485 673 1527 736 ad

322 777 402 841 haee
417 776 573 840 dicimus?
617 773 688 838 Aut
701 781 769 850 tuo,
785 773 1050 859 quemadmodum
1072 771 1198 847 dicitur,
1214 771 1330 857 gladio,
1346 780 1403 836 aut
1417 777 1526 836 nostro

324 876 465 939 defensio
488 883 545 939 tua
567 872 757 938 conficiatur
777 891 908 935 necesse
932 877 993 936 est.
1039 871 1074 936 Si
1092 871 1134 934 ad
1157 870 1526 935 interdictisententiam

323 971 477 1056 confugis,
494 978 528 1036 et
543 972 583 1034 de
598 993 659 1056 quo
674 970 771 1034 fundo
786 976 895 1033 actum
916 969 959 1033 sit
979 976 1049 1032 tum
1064 991 1160 1054 quum
1175 968 1336 1032 Aebutius
1357 969 1526 1032 restituere

319 1070 503 1155 jubebatur,
526 1069 559 1132 id
582 1067 798 1153 quaerendum
818 1088 890 1130 esse
915 1066 1003 1144 dicis,
1029 1087 1130 1152 neque
1155 1065 1349 1151 aequitatem
1370 1065 1416 1130 rei
1438 1063 1526 1130 verhi

322 1165 436 1253 laqueo
458 1167 528 1252 capi
549 1175 644 1252 putas
667 1172 825 1252 oportere,
841 1164 875 1227 in
898 1164 977 1229 meis
1001 1165 1118 1230 castris
1139 1163 1365 1249 praesidiisque
1380 1163 1524 1228 versaris.

325 1265 412 1344 Mea,
428 1288 501 1329 mea
515 1271 565 1329 est
585 1264 648 1329 ista
671 1263 820 1341 defensio,
839 1283 900 1348 ego
914 1263 975 1327 hoe
990 1262 1152 1338 vociferor,
1169 1283 1229 1348 ego
1252 1284 1362 1326 omnes
1384 1262 1526 1326 homines

323 1363 461 1449 deosque
476 1368 589 1442 testor,
606 1383 704 1447 quum
718 1360 857 1445 majores
872 1359 935 1424 vim
956 1365 1114 1424 armatam
1138 1359 1223 1423 nulla
1241 1359 1323 1443 juria
1344 1359 1526 1424 defensione

323 1463 473 1538 texerint,
489 1483 553 1525 non
567 1460 736 1546 vestigium
750 1459 820 1544 ejus
834 1458 890 1544 qui
905 1459 1051 1544 dejectus
1068 1459 1122 1534 sit,
1145 1459 1203 1523 sed
1224 1459 1345 1523 factum
1367 1458 1450 1523 illius
1472 1459 1527 1544 qui

323 1559 477 1644 dejecerit
490 1559 523 1622 in
534 1558 689 1644 judicium
703 1558 819 1636 venire,
835 1558 998 1642 dejectum
1013 1578 1083 1621 esse
1097 1556 1151 1643 qui
1164 1556 1295 1641 fugatus
1310 1557 1362 1636 sit,
1379 1556 1442 1620 vim
1456 1579 1526 1622 esse

322 1658 443 1722 factam
466 1657 518 1721 cui
537 1656 710 1742 perieulum
732 1655 846 1721 mortis
867 1655 912 1720 sit
933 1655 1098 1741 injectum.
1144 1654 1247 1720 latum
1265 1655 1372 1720 locum
1393 1655 1478 1740 fugis
1491 1661 1524 1720 et

323 1755 520 1833 reformidas,
537 1760 571 1818 et
591 1775 643 1817 me
665 1775 706 1817 ex
727 1753 797 1832 hoc,
814 1761 851 1818 ut
872 1753 920 1818 ita
942 1753 1054 1831 dicam,
1072 1761 1184 1838 c'ampo
1207 1753 1378 1838 aequitatis
1391 1754 1433 1816 ad
1447 1753 1527 1818 istus

322 1854 492 1916 verborum
506 1852 671 1937 angustias
694 1858 729 1915 et
750 1851 791 1914 ad
812 1873 923 1916 omnes
944 1851 1123 1917 litterarum
1145 1851 1279 1937 angulos
1301 1873 1440 1916 revocas.
1486 1851 1526 1914 Ιο

321 1949 362 2014 110
387 1949 466 2034 ipsis
490 1949 702 2016 intercludere
724 1948 848 2014 insidiis
873 1971 952 2035 quas
977 1949 1055 2013 mihi
1080 1949 1204 2013 conaris
1229 1971 1399 2036 opponere.
1452 1949 1526 2013 Non

322 2047 434 2132 dejeci,
451 2047 508 2111 sed
524 2047 613 2132 ejeci.
659 2046 855 2111 Peraeutum
876 2047 938 2111 hoc
961 2047 1021 2112 tihi
1044 2047 1178 2125 videtur,
1195 2047 1247 2112 hic
1270 2054 1320 2112 est
1342 2069 1452 2112 mucro
1473 2047 1526 2112 de-

321 2143 473 2209 fensionis
497 2151 582 2210 tuae.
630 2144 669 2208 In
695 2167 768 2210 eum
793 2144 897 2230 ipsum
920 2166 1034 2210 caussa
1058 2151 1116 2210 tua
1139 2145 1283 2210 incurrat
1308 2167 1438 2210 necesse
1463 2151 1525 2210 est.

324 2241 398 2329 Ego
413 2242 498 2307 euim
518 2242 577 2307 tibi
592 2243 715 2308 refero:
742 2242 856 2307 Sinon
880 2263 952 2307 sum
976 2265 1016 2307 ex
1038 2265 1077 2307 eo
1100 2243 1170 2308 loco
1186 2245 1330 2329 dejectus
1344 2265 1407 2330 quo
1421 2243 1526 2330 prohi-

321 2341 411 2405 bitus
425 2361 497 2404 sum
510 2341 673 2418 accedere,
689 2349 725 2406 at
739 2362 780 2404 ex
800 2363 838 2405 eo
861 2363 931 2406 sum
947 2341 1101 2424 dejectus,
1118 2363 1181 2428 quo
1196 2342 1324 2420 accessi,
1340 2343 1424 2406 unde
1438 2342 1523 2428 fugi:

322 2439 351 2504 ei
365 2447 495 2525 praetor
516 2461 579 2502 000
601 2439 750 2504 distinxit
768 2439 874 2504 locum
895 2462 959 2525 quo
981 2461 1032 2503 me
1046 2439 1173 2504 restitui
1194 2440 1334 2525 juberet,
1350 2447 1385 2505 et
1399 2439 1526 2505 restitui

319 2537 427 2622 jussit,
443 2558 508 2600 non
529 2558 599 2600 sum
621 2560 662 2602 ex
683 2537 813 2602 decreto
836 2538 1016 2603 restitutus.
1063 2535 1178 2616 Velim,
1195 2546 1448 2624 recuperatores,
1465 2537 1526 2603 hoc

323 2642 437 2715 totum,
464 2636 492 2700 si
517 2635 606 2701 vobis
629 2636 788 2702 versutius
810 2659 905 2724 quam
931 2657 1002 2701 mea
1030 2635 1227 2701 consuetudo
1252 2635 1441 2701 defendendi
1463 2636 1526 2702 fert

322 2734 489 2813 videbitur,
522 2734 568 2798 sic
596 2734 809 2811 existimetis,
848 2736 986 2821 primum
1014 2734 1111 2799 ulium
1140 2756 1204 2799 non
1234 2756 1286 2799 me
1315 2734 1524 2821 excogitasse,

323 2832 436 2896 deinde
459 2831 555 2915 hujus
577 2831 712 2897 rationis
735 2854 799 2897 000
821 2832 917 2897 modo
937 2831 1031 2916 [000]
1055 2830 1251 2896 inventorem
1271 2832 1327 2896 sed
1349 2854 1389 2895 ne
1412 2832 1526 2918 proba-

321 2938 426 2995 torem
441 2930 568 3016 quidem
583 2951 653 2993 esee
674 2952 734 3009 me,
752 2930 847 3015 idque
860 2952 913 2993 me
935 2952 999 2993 000
1021 2929 1064 2993 ad
1087 2952 1190 2994 meam
1212 2930 1427 2995 defensionem
1442 2937 1526 2995 attu-

321 3027 405 3107 lisse,
431 3028 489 3091 sed
513 3027 637 3091 illorum
661 3026 837 3100 defensioni
861 3027 1047 3103 rettulisse;
1081 3050 1131 3091 me
1155 3048 1249 3114 posse
1274 3050 1333 3113 pro
1358 3049 1429 3092 meo
1455 3028 1526 3113 jure

322 3126 440 3202 dicere,
456 3145 558 3210 neque
578 3124 611 3187 10
635 3124 695 3189 hae
719 3146 755 3188 re
778 3145 874 3209 quam
894 3146 955 3209 ego
975 3124 1094 3210 protuli
1117 3124 1225 3211 quaeri
1241 3140 1396 3212 oportere,
1413 3126 1527 3212 quibus

321 3354 557 3405 haulnterdictum.
590 3355 909 3405 Audanlntrxdietumrras
942 3356 969 3406 of
984 3358 1053 3421 place
1073 3356 1139 3415 here,
1156 3357 1204 3407 and
1217 3358 1271 3407 that
1289 3358 1332 3407 the
1348 3362 1474 3421 argument
1488 3374 1526 3407 re-

322 3420 460 3467 sumetimea
479 3420 555 3468 called
572 3436 588 3469 a
606 3421 755 3469 ‘decretum’
771 3419 865 3484 (Gaius,
875 3423 909 3471 ir.
942 3423 1022 3485 quires
1033 3422 1101 3481 ‘eim'
1114 3424 1190 3471 which
1201 3424 1267 3472 word
1278 3424 1321 3471 har
1332 3422 1526 3486 beenoormpted

324 3483 391 3545 140).
942 3486 975 3549 hy
986 3488 1362 3550 theoopyieta,aeintheoaaeof
1370 3486 1525 3550 ‘sinperih'e'

355 3547 555 3608 quemadmodum
567 3550 682 3612 dieitur-,J
700 3549 909 3599 Thiawaaacom·
943 3550 975 3615 (c.
988 3552 1040 3617 15),
1051 3554 1130 3600 where
1145 3552 1188 3601 the
1200 3554 1267 3601 ‘ain'
1280 3555 1300 3602 ia
1316 3554 1364 3602 lost
1373 3554 1399 3601 in
1409 3554 1527 3601 10000001

321 3626 380 3659 mon
391 3611 475 3673 aaying
485 3622 511 3660 10
522 3628 620 3676 express
630 3615 685 3663 that
694 3631 710 3663 a
720 3630 776 3663 man
787 3614 834 3663 had
842 3616 909 3664 ahad
942 3616 1060 3679 readings.

322 3690 385 3724 0000.
974 3682 1017 3729 ard
1025 3682 1105 3745 giret]
1126 3680 1188 3730 ‘Sed
1196 3682 1288 3743 rejeoir’
1302 3682 1393 3731 Keller.
1403 3681 1476 3731 Seec.
1488 3682 1526 3731 la

348 3740 504 3803 jubebam]
523 3740 602 3789 'l'here
623 3742 645 3789 10
663 3758 679 3793 a
695 3744 801 3806 reading,
826 3745 909 3793 ‘ride
974 3746 1080 3809 referor]
1100 3746 1527 3809 ιΙι·001];’001011010011000111110

321 3804 632 3868 100100,’01101ιί0000ος.
643 3807 688 3855 hut
698 3810 719 3856 it
732 3810 753 3857 ia
769 3810 910 3860 instructius
941 3810 1035 3859 further
1050 3825 1099 3859 0οι
1125 3810 1173 3859 and
1190 3812 1215 3859 10
1232 3812 1274 3859 the
1291 3812 1360 3861 Orat.
1369 3812 1432 3859 Part.
1445 3827 1466 3859 c.
1477 3814 1526 3860 30:

320 3884 348 3918 ae
358 3886 389 3917 au
400 3871 509 3918 10010000
519 3870 548 3918 01
554 3871 597 3919 the
608 3873 734 3921 confusion
744 3874 774 3922 of
781 3875 850 3923 these
860 3880 908 3923 two
942 3880 957 3903 “
967 3874 1001 3923 lit
1011 3874 1053 3923 ubi
1063 3876 1098 3923 ita
1108 3876 1222 3935 refertur,
1240 3876 1357 3939 Majeatae
1367 3882 1393 3925 et
1402 3876 1427 3923 in
1434 3876 1528 3938 imperii

320 3935 408 3982 worda.
442 3936 487 3983 See
499 3936 545 3983 l’ro
557 3936 584 3983 P.
597 3936 706 3992 Quintio.
718 3954 739 3986 c
751 3942 792 3995 20,
802 3948 860 3987 note
876 3954 909 3987 00
941 3946 1013 4002 atque
1024 3940 1049 3986 10
1062 3941 1167 3989 nominis
1174 3941 1258 4003 Populi
1271 3942 1374 3989 Romani
1385 3939 1526 4003 dignitate.”

321 4000 372 4047 ‘ita
380 4000 551 4048 videbare.'-‘
560 4000 586 4047 in
594 4002 654 4048 meis
665 4001 766 4061 caetria,'
775 4005 836 4051 &or
858 4004 909 4051 this
941 4008 981 4040 ·-‘
991 4020 1022 4052 ex
1033 4004 1128 4053 demeto
1138 4004 1153 4052 ι’
1172 4010 1217 4053 ‘ex
1229 4006 1324 4063 mino:
1341 4006 1433 4065 Baiter.

320 4063 472 4113 iatheaame
487 4079 514 4112 aa
530 4065 792 4127 aayingthatheieon
803 4068 909 4117 Cieero'a
974 4082 1023 4117 acra
1041 4072 1111 4119 modo
1137 4068 1230 4133 [nouJ]
1249 4070 1328 4119 There
1348 4072 1370 4119 10
1391 4086 1406 4118 a
1429 4070 1528 4133 reading

321 4127 387 4185 ridor
403 4128 451 4176 and
461 4129 493 4176 he
503 4129 618 4177 nasathia
628 4130 676 4178 aud
690 4131 867 4181 aimilarforma
883 4132 910 4181 of
941 4136 1005 4183 ‘non
1022 4135 1093 4183 modo
1109 4150 1182 4191 nnnc,
1201 4134 1288 4183 'which
1304 4136 1377 4184 Klotz
1390 4135 1442 4183 hae.
1475 4134 1528 4183 The

320 4194 460 4254 expression
471 4194 607 4241 elsewhere.
939 4197 1028 4245 aecond
1045 4199 1126 4248 ‘non’
1138 4198 1221 4247 before
1237 4198 1452 4249 ¹inventoreru'ia
1471 4214 1528 4247 oon·

352 4258 432 4305 fetura
442 4258 534 4319 100000]
553 4258 633 4306 'I'hare
648 4259 671 4307 10
686 4259 810 4323 areading
827 4262 863 4309 ‘ia
878 4266 907 4310 tu
939 4267 1042 4325 traryto
1053 4263 1160 4312 Cioero’e
1171 4278 1252 4325 usage.

320 4319 418 4375 locum.'
428 4321 475 4367 aud
490 4322 526 4368 ‘ia
537 4321 562 4369 iu
573 4322 639 4373 huuc
654 4324 752 4381 locum,’
767 4326 815 4373 aud
827 4327 864 4375 ‘ie
880 4328 907 4375 in
968 4342 1017 4389 pra
1032 4342 1084 4375 meo
1091 4328 1165 4390 jure]
1186 4329 1231 4376 See
1250 4328 1297 4376 Pro
1317 4328 1342 4377 S.
1359 4328 1431 4377 nore.
1443 4326 1527 4376 Amer.

319 4384 418 4432 locum*
460 4384 596 4434 Baiterhaa
607 4388 673 4436 “Sin
692 4388 757 4437 huuc
767 4391 846 4441 locum
859 4426 866 4439 .
878 4426 906 4439 ..
939 4406 960 4439 c.
979 4394 1020 4447 47.
1054 4394 1137 4441 Cinam
1159 4408 1214 4441 0000
1236 4393 1285 4441 thia
1311 4394 1450 4456 expression
1472 4408 1529 4455 very

319 4448 421 4509 angulos
431 4463 537 4509 moces,
546 4451 572 4499 10
582 4452 612 4499 110
627 4452 686 4515 ipsis
700 4454 859 4503 intercludere
869 4457 907 4503 10-
939 4456 1014 4504 often.
1047 4456 1100 4504 The
1111 4463 1209 4505 context
1219 4458 1327 4520 explains
1343 4458 1386 4505 the
1400 4456 1530 4520 particular

320 4511 412 4569 aidiia,'’
424 4513 502 4561 which
518 4515 726 4577 iringeniousaud
737 4534 792 4581 may
802 4520 905 4571 hetrue.
939 4536 1017 4569 00000.
1062 4520 1102 4571 lle
1124 4537 1207 4571 meana
1227 4522 1282 4571 that
1304 4523 1335 4570 he
1356 4538 1401 4571 000
1428 4520 1528 4585 ‘juetly,

321 4575 361 4625 110
372 4591 427 4639 aare
436 4578 490 4628 that
500 4578 661 4642 theproaoun
670 4587 677 4611 ‘
686 4582 745 4633 iate'
756 4584 853 4650 iaquite
863 4592 907 4635 001
938 4584 1007 4647 fairly
1018 4586 1078 4649 000,ι
1089 4586 1158 4635 ‘that
1167 4586 1199 4636 he
1210 4586 1254 4636 has
1264 4602 1279 4635 a
1289 4588 1354 4653 right
1364 4592 1391 4636 10
1401 4586 1461 4651 say!
