3517 5325
654 483 832 549 nanno
857 484 958 548 our.
981 489 1032 567 ιι,
1050 488 1101 552 46.
1397 487 1460 549 345

255 676 343 734 esset
356 666 512 753 flagitium
533 666 579 730 rei
594 667 743 732 militaris
757 667 940 747 admissum,
957 668 1124 734 sortitione
1139 668 1172 732 in
1194 667 1347 754 quosdam
1361 667 1461 732 anim·

255 768 495 836 advertereturz
520 772 557 829 ut
569 773 673 829 metus
689 765 835 830 videlicet
848 767 890 830 ad
906 789 1025 842 omnes,
1041 789 1144 851 poena
1158 766 1200 829 ad
1214 787 1335 850 paucos
1349 789 1459 851 perve-

254 865 347 928 niret.
395 863 488 943 Quod
504 861 587 926 idem
603 864 706 927 lacere
722 885 868 928 censores
883 864 915 927 in
930 864 1054 929 delectu
1066 864 1233 948 dignitatis
1247 875 1281 927 et
1296 864 1458 948 injudicio

255 961 369 1024 civium
385 968 418 1024 et
441 960 474 1022 in
494 960 764 1024 animadversione
787 961 935 1025 vitiorum
962 961 1015 1046 qui
1039 961 1208 1024 convenit?
1252 959 1334 1022 Nam
1357 961 1457 1039 miles,

255 1061 309 1145 qui
333 1061 439 1124 locum
462 1082 526 1122 uon
549 1059 663 1136 tenuit,
695 1059 749 1144 qui
779 1060 920 1123 bostium
949 1060 1102 1144 impetum
1126 1058 1252 1143 vimque
1282 1059 1457 1143 pertimuit,

254 1165 366 1244 potest
382 1157 464 1221 idem
483 1163 596 1242 postea
611 1165 646 1222 et
659 1157 749 1220 miles
764 1178 834 1220 esse
849 1157 961 1220 melior
975 1164 1010 1221 et
1024 1156 1072 1220 vir
1093 1158 1196 1220 bonus
1210 1164 1245 1220 et
1260 1157 1338 1220 civis
1360 1155 1459 1220 utilis.

256 1259 361 1338 Quare
387 1255 441 1340 qui
467 1254 500 1318 in
526 1254 608 1318 bello
624 1261 754 1340 propter
769 1255 909 1318 hostium
936 1261 1055 1318 metum
1080 1253 1266 1337 deliquerat,
1282 1253 1415 1337 amplior
1430 1252 1460 1316 ei

253 1354 367 1420 mortis
392 1362 425 1417 et
452 1353 596 1438 supplicii
619 1360 724 1417 metus
747 1359 798 1416 est
821 1375 842 1416 a
864 1353 1038 1437 majoribus
1053 1351 1272 1424 constitutus;
1296 1373 1337 1415 ne
1350 1359 1458 1415 autem

253 1453 384 1516 nimium
399 1453 490 1515 multi
506 1473 639 1537 poenam
651 1451 765 1536 capitis
776 1452 930 1530 subirent,
941 1451 1121 1515 idcircoilla
1131 1450 1260 1515 sortitio
1276 1457 1459 1534 comparata

254 1557 315 1615 est.
361 1549 495 1612 Hoetu
521 1549 606 1612 idem
629 1548 735 1623 facies,
764 1570 886 1628 censor,
908 1549 941 1612 in
965 1555 1079 1612 senatu
1104 1547 1258 1632 legendo?
1303 1547 1338 1610 Si
1364 1555 1458 1612 erunt

254 1648 361 1733 plures
376 1647 429 1732 qui
445 1647 487 1710 ob
502 1647 702 1711 innocentem
724 1647 999 1711 condemnandum
1020 1646 1189 1732 pecuniam
1206 1645 1398 1730 acceperint,
1421 1653 1459 1710 tu

254 1767 317 1807 non
331 1745 563 1809 animadvertes
577 1743 610 1807 in
625 1765 744 1823 omnes,
761 1745 818 1807 sed
833 1767 944 1830 carpes
958 1753 996 1809 ut
1010 1745 1096 1823 velis,
1114 1757 1148 1808 et
1162 1765 1282 1827 paucos
1296 1765 1337 1806 ex
1347 1743 1458 1806 multis

254 1844 296 1907 ad
322 1843 526 1928 ignominiam
549 1843 702 1906 sortiere?
748 1842 893 1906 Habebit
921 1843 1020 1927 igitur
1049 1849 1083 1906 te
1114 1841 1236 1905 sciente
1266 1849 1301 1905 et
1329 1841 1457 1922 vidente

255 1941 342 2004 curia
357 1947 545 2017 senatorem,
562 1942 698 2025 populus
713 1939 876 2004 Romanus
896 1939 1047 2024 judicem,
1064 1961 1115 2002 res
1135 1939 1260 2024 publica
1274 1939 1375 2002 civem
1390 1938 1458 2002 sine

254 2038 425 2123 ignominia
440 2060 636 2123 quemquam,
662 2038 714 2122 qui
735 2040 776 2102 ad
798 2038 971 2124 perniciem
994 2037 1174 2102 innocentis
1195 2037 1290 2099 fidem
1312 2041 1459 2100 suamet

254 2137 436 2221 religionem
451 2137 585 2221 pecunia
609 2137 833 2202 commutarit?
856 2145 899 2216 et,
917 2137 970 2222 qui
997 2137 1100 2222 pretio
1123 2137 1283 2200 adductus
1307 2135 1458 2220 eripuerit

255 2235 399 2320 patriam,
416 2236 569 2308 fortunas,
585 2235 701 2299 liberos
713 2235 771 2298 civi
787 2236 957 2312 innocenti,
971 2235 998 2298 is
1013 2234 1173 2298 censoriae
1188 2233 1369 2298 severitatis
1380 2241 1458 2298 nota

253 2355 317 2397 non
333 2334 494 2396 inuretur?
541 2333 590 2395 Tu
606 2355 640 2396 es
654 2333 833 2411 praefectus
842 2333 992 2409 moribus,
1013 2341 1049 2397 tu
1064 2331 1218 2415 magister
1232 2331 1349 2394 veteris
1365 2329 1456 2392 disci·

253 2430 356 2516 plinae
368 2453 405 2494 ac
415 2429 604 2506 severitatis,
621 2430 647 2492 si
659 2436 716 2494 aut
728 2429 846 2511 retines
859 2450 1048 2514 quemquam
1057 2429 1162 2492 sciens
1171 2428 1203 2490 in
1213 2435 1327 2491 senatu
1336 2427 1456 2490 scelere

252 2535 345 2593 tanto
361 2527 620 2604 contaminatum,
637 2534 694 2590 aut
708 2526 834 2602 statuis,
852 2527 907 2609 qui
923 2525 955 2587 in
970 2527 1081 2588 eadem
1096 2525 1188 2609 culpa
1202 2525 1255 2599 sit,
1271 2545 1334 2586 non
1344 2523 1457 2588 eadem

253 2646 356 2711 poena
370 2625 452 2688 affici
464 2623 652 2687 conveniret
673 2631 731 2687 aut
753 2644 848 2708 quarn
871 2622 1085 2686 conditionem
1105 2621 1249 2707 supplicii
1265 2617 1402 2706 majores
1423 2621 1456 2685 in

253 2723 334 2786 bello
360 2722 524 2787 timiditati
549 2721 659 2785 militis
684 2720 879 2806 propositam
903 2742 973 2783 esee
998 2720 1175 2797 voluerunt,
1200 2720 1333 2783 eandem
1360 2727 1396 2782 tu
1423 2720 1456 2781 in

252 2842 332 2906 pace
348 2819 523 2884 constitues
538 2819 734 2904 improbitati
750 2818 928 2883 senatoris?
972 2818 1065 2898 Quod
1085 2818 1112 2880 si
1135 2818 1195 2881 hoc
1214 2818 1392 2902 exemplum
1414 2838 1455 2879 ex

252 2940 287 2981 re
302 2918 429 2983 militari
444 2919 486 2980 ad
500 2917 803 2981 animadversionem
818 2915 995 2981 censoriam
1010 2914 1265 2980 transferendum
1275 2916 1345 2989 fuit,
1361 2916 1455 2979 eorti-

252 3016 339 3079 tione
354 3016 385 3079 id
401 3017 504 3101 ipsum
518 3016 638 3078 lactum
654 3037 722 3079 csse
738 3014 890 3099 oportuit.
937 3014 994 3077 Sin
1009 3021 1119 3077 autem
1141 3014 1248 3077 sortiri
1263 3014 1304 3079 ad
1319 3036 1455 3099 poenam

252 3119 286 3178 et
301 3114 462 3178 hominum
478 3113 627 3176 delictum
637 3112 783 3176 fortunae
795 3111 917 3195 judicio
932 3110 1131 3175 committere
1141 3110 1268 3174 minime
1278 3111 1455 3175 censorium

253 3220 312 3291 est,
329 3220 417 3276 certe
432 3212 464 3275 in
479 3210 648 3275 multorum
663 3216 794 3295 peccato
811 3209 899 3295 carpi
913 3230 1033 3295 paucos
1054 3208 1096 3272 ad
1111 3208 1316 3293 ignominiam
1337 3216 1371 3273 et
1386 3216 1453 3273 tur-

283 3400 324 3446 46.
341 3400 480 3463 sortitione]
507 3397 624 3455 ‘sortitu’
643 3397 750 3447 Classen,
789 3397 836 3445 We
869 3396 917 3445 this
928 3396 990 3444 from
1002 3396 1027 3445 S.
1038 3398 1067 3445 Τ.
1101 3398 1155 3447 The
1164 3397 1204 3445 old
1215 3398 1313 3461 reading
1322 3398 1344 3446 is
1356 3398 1454 3451 ‘Quare

251 3462 311 3510 have
320 3464 345 3510 in
354 3464 396 3511 the
406 3465 526 3521 Verrin,
536 3465 560 3511 ii.
569 3466 593 3511 2.
605 3478 626 3511 c.
638 3465 681 3511 51:
694 3463 836 3525 “Syracusis
868 3463 936 3509 nain
947 3462 1210 3525 bello-delinqueret,'
1222 3468 1266 3510 &c
1300 3464 1398 3511 Classen
1409 3464 1453 3512 ob·

251 3526 289 3574 lex
301 3535 337 3574 est
348 3529 378 3575 de
392 3530 505 3590 religione
522 3542 583 3591 quae
597 3528 623 3575 in
640 3543 716 3576 annos
731 3528 837 3589 singulos
869 3542 948 3575 serres
959 3527 1012 3574 that
1022 3528 1065 3575 the
1075 3528 1116 3574 old
1133 3528 1230 3589 reading
1248 3529 1376 3589 presented
1387 3536 1412 3576 to
1423 3544 1453 3577 ns

250 3591 319 3639 Jouis
330 3593 475 3640 sacerdotem
487 3596 570 3641 sortito
579 3594 630 3654 capi
639 3592 749 3651 jubeat.’'
776 3592 836 3639 This
868 3606 980 3654 aperson
991 3592 1087 3653 already
1098 3592 1454 3648 knowmandthisianoother

251 3655 407 3703 ‘sortitio'or
418 3658 679 3717 lot-castingrrasused
687 3658 724 3704 for
731 3658 772 3704 the
779 3672 837 3717 pur·
869 3656 929 3703 than
940 3662 955 3683 “
964 3657 1039 3711 miles,
1050 3657 1093 3718 qui
1105 3657 1185 3703 locum
1204 3672 1254 3703 non
1270 3657 1376 3713 tenuit,”
1393 3662 1452 3715 διας

251 3732 309 3780 pose
320 3720 438 3781 generally
449 3721 477 3767 of
485 3721 567 3779 taking
578 3736 647 3782 every
658 3722 728 3768 tenth
742 3736 798 3767 man
809 3727 835 3767 to
867 3720 915 3766 and
928 3720 976 3767 this
987 3722 1008 3767 is
1019 3736 1075 3782 very
1085 3720 1223 3778 ridiculosis,
1234 3736 1261 3767 as
1271 3736 1318 3782 any
1325 3721 1389 3781 body
1397 3737 1453 3783 may

251 3782 339 3845 punish
352 3783 410 3829 him.
436 3784 536 3831 Crassus
545 3785 585 3830 did
596 3784 645 3831 this
655 3786 680 3830 in
692 3785 734 3831 the
746 3784 836 3832 Servile
869 3799 916 3830 see.
933 3784 970 3845 By
977 3785 1019 3830 the
1029 3785 1162 3837 alteration.
1173 3785 1204 3832 he
1214 3784 1282 3840 adds,
1291 3800 1327 3831 we
1338 3785 1399 3831 hsve
1409 3792 1453 3846 got

251 3862 299 3911 war
310 3848 442 3908 (Plutarch,
454 3848 561 3904 Crassus,
573 3864 593 3895 o.
612 3848 668 3909 l⁰):
687 3850 756 3895 “fise
773 3848 835 3895 hun·
868 3848 933 3893 what
948 3863 984 3895 rre
994 3848 1096 3906 wanted,
1107 3864 1122 3895 a
1138 3864 1190 3895 new
1206 3864 1346 3910 personage,
1361 3849 1415 3895 who
1431 3850 1452 3897 is

251 3911 309 3958 dred
322 3911 374 3957 who
385 3911 432 3957 had
443 3911 504 3958 been
515 3912 557 3959 the
568 3913 621 3958 first
631 3918 718 3967 torun,
730 3912 776 3959 and
788 3910 836 3958 had
867 3911 935 3972 aptly
942 3910 1045 3958 defined.

251 3976 334 4023 shown
352 3982 416 4021 most
432 3975 569 4030 conardice,
581 3975 612 4021 he
629 3976 771 4022 distributed
781 3976 834 4022 into
899 3977 1045 4022 conveniret
1056 3979 1101 4022 aut
1112 3974 1195 4037 quam]
1214 3974 1283 4022 Most
1291 3975 1319 4021 oi
1327 3974 1450 4025 theuso.

251 4041 305 4101 iilty
316 4040 424 4095 decades,
433 4040 480 4085 and
489 4044 531 4086 ont
542 4039 630 4086 oieach
640 4039 728 4085 decade
735 4041 765 4087 he
776 4039 834 4085 took
866 4038 927 4085 have
933 4038 975 4085 the
982 4045 1029 4086 two
1035 4040 1173 4093 infinitives,
1180 4041 1450 4100 'oportereoonvenire3'

250 4120 297 4153 oue
308 4118 363 4150 man
376 4102 406 4165 by
418 4105 455 4151 lot
463 4104 509 4149 and
522 4110 566 4164 put
576 4104 625 4149 him
636 4110 661 4149 to
673 4104 744 4150 death
754 4122 760 4161 ς
777 4104 835 4150 thus
866 4102 914 4150 end
925 4102 1017 4163 though
1036 4103 1078 4149 the
1089 4109 1136 4150 two
1147 4118 1187 4149 are
1199 4108 1243 4150 not
1257 4104 1379 4160 tolerable,
1397 4120 1451 4167 says

249 4170 368 4229 inflicting
379 4183 411 4214 on
422 4168 464 4215 the
476 4168 574 4215 soldiers
591 4168 639 4215 this
655 4168 750 4214 ancient
765 4167 835 4215 moda
868 4167 975 4222 Classen,
987 4168 1018 4213 he
1028 4167 1111 4213 thinks
1119 4167 1187 4213 there
1195 4174 1259 4214 must
1268 4168 1298 4215 be
1306 4184 1373 4216 some
1381 4184 1451 4217 rause

250 4234 279 4281 of
286 4234 451 4295 punishment,
467 4232 543 4279 which
561 4232 608 4279 had
625 4234 682 4293 long
693 4233 765 4279 tallen
782 4232 834 4279 into
867 4246 895 4279 or
906 4245 990 4278 reason
1001 4231 1039 4278 lor
1049 4232 1133 4287 them;
1149 4232 1231 4279 andso
1242 4233 1366 4289 hewritea,
1379 4234 1450 4281 ‘affici

250 4297 356 4346 disuee.''
388 4298 507 4360 Compare
523 4298 627 4359 Appian,
645 4296 673 4344 B.
690 4296 717 4345 C.
741 4297 757 4343 i.
780 4298 833 4344 118.
867 4297 995 4359 oportere?
1014 4294 1162 4343 Convenitne
1170 4302 1278 4358 utquam
1289 4297 1450 4346 conditionem

249 4363 328 4411 There
338 4364 359 4411 is
375 4378 406 4411 an
418 4363 526 4425 example
544 4362 572 4409 oi
581 4362 715 4410 Decimatio
726 4362 751 4409 in
764 4360 831 4423 Livy,
864 4359 1046 4417 -oenstituasl
1058 4362 1102 4408 &a
1138 4360 1177 4408 He
1185 4361 1268 4409 thinks
1280 4362 1333 4408 that
1348 4367 1450 4410 ‘conve-

249 4428 273 4475 ii.
286 4432 326 4477 69.
865 4424 944 4473 nitne’
954 4424 1051 4473 bedam
1058 4426 1207 4472 ‘conremre'
1215 4426 1320 4488 through
1328 4426 1370 4473 the
1378 4426 1449 4474 blun-

285 4490 606 4555 onorem-dutmala
621 4490 832 4541 Classenreatored
865 4489 1113 4553 deroftheyasning
1123 4490 1237 4552 copyists.
1271 4491 1449 4553 ltispossible.
