3517 5325
627 501 806 568 ΗΑΒΙΤΟ
830 503 932 570 uAP.
954 507 1006 584 41,
1030 507 1083 571 42.
1386 511 1446 573 341

246 671 392 737 suetudo.
431 670 535 752 Quare
551 671 704 758 quidquid
716 676 755 739 de
769 675 1053 761 subscriptionibus
1066 697 1177 740 eorum
1185 675 1262 740 mihi
1277 674 1445 744 dicendum

246 771 316 849 erit,
334 792 371 834 eo
388 770 491 833 dicam
516 771 621 834 animo
645 779 682 836 ut
705 794 830 836 omnem
852 773 1030 838 orationem
1054 796 1158 838 meam
1184 796 1249 838 non
1266 775 1306 837 de
1321 774 1446 840 illorum

245 868 340 946 lacto,
358 869 414 932 sed
430 869 469 930 de
484 868 607 931 ratione
621 869 764 933 censoria
782 871 926 936 habitam
947 871 1123 935 existimari
1137 871 1248 936 velim:
1272 893 1293 934 a
1310 871 1446 938 Lentulo

244 973 363 1042 autem,
380 965 524 1029 familiari
539 987 619 1041 meo,
637 966 690 1050 qui
716 989 736 1030 a
757 989 808 1030 me
830 990 889 1052 pro
911 969 1027 1032 eximia
1048 991 1106 1032 sua
1120 969 1238 1033 virtute
1252 970 1445 1054 summisque

245 1063 416 1127 honoribus
445 1085 526 1148 quos
551 1085 571 1126 a
599 1063 713 1149 populo
744 1064 889 1129 Rourano
917 1067 1054 1151 adeptus
1083 1073 1143 1144 est,
1174 1065 1303 1129 honoris
1332 1088 1445 1131 caussa

244 1161 434 1236 nominatur,
450 1161 541 1224 facile
563 1161 633 1240 hoc,
646 1161 779 1246 judices,
804 1162 983 1248 impetrabo
1004 1171 1051 1239 ut,
1077 1185 1173 1248 quam
1197 1163 1266 1248 ipse
1291 1164 1442 1230 adhibere

244 1259 408 1323 consuevit
418 1259 450 1321 in
464 1258 637 1322 amicorum
652 1260 800 1344 periculis
815 1283 911 1346 quum
925 1261 1022 1324 fidem
1036 1268 1071 1325 et
1080 1260 1284 1345 diligentiam,
1296 1270 1366 1326 tum
1380 1263 1443 1326 vim

243 1356 339 1419 animi
354 1355 596 1440 libertatemque
611 1356 745 1434 dicendi,
762 1381 802 1422 ex
817 1358 876 1422 hac
891 1359 967 1422 mihi
982 1359 1138 1422 concedat
1159 1365 1196 1422 ut
1218 1365 1345 1424 tantum
1365 1360 1443 1423 mihi

243 1475 367 1518 sumam
381 1460 535 1539 quantum
550 1453 617 1517 sine
633 1455 727 1539 hujus
741 1455 880 1540 periculo
896 1456 1070 1541 praeterire
1090 1477 1154 1519 non
1169 1456 1299 1542 possim.
1344 1461 1378 1520 A
1392 1479 1444 1521 me

243 1559 360 1628 tamen,
382 1558 418 1616 ut
440 1573 577 1636 aequum
602 1559 661 1630 est,
687 1553 793 1616 omnia
817 1562 912 1618 caute
936 1552 1196 1638 pedetentimque
1223 1553 1378 1632 dicentur,
1406 1561 1444 1620 ut

243 1671 344 1734 neque
360 1649 438 1714 fides
451 1651 547 1734 hujus
562 1650 752 1714 defensionis
766 1651 888 1728 relicta,
904 1673 1006 1736 neque
1020 1653 1211 1737 cujusquam
1232 1660 1291 1716 aut
1305 1651 1446 1738 dignitas

242 1746 331 1812 laesa
344 1755 401 1812 aut
415 1747 555 1812 amicitia
569 1747 686 1812 violata
701 1770 770 1813 esse
786 1749 943 1814 videatur.

288 1844 392 1929 Video
408 1845 512 1930 igitur,
526 1846 660 1930 judices,
677 1847 936 1912 aninmdvertisse
946 1869 1094 1912 censores
1110 1847 1143 1910 in
1148 1847 1273 1932 judices
1290 1848 1444 1932 quosdam

243 1943 325 2008 illius
345 1944 466 2008 consilii
489 1944 512 2007 J
515 1945 631 2020 uniani,
656 1967 753 2030 quum
777 1944 873 2009 istam
898 1945 1001 2031 ipsam
1025 1967 1171 2010 caussam
1195 1946 1444 2010 subscriberent.

244 2040 310 2104 Hic
326 2041 401 2104 illud
416 2042 551 2127 primum
566 2063 731 2106 commune
741 2065 924 2129 proponam,
935 2065 1108 2128 numquam
1119 2043 1445 2108 animadversionibus

243 2139 393 2202 censoriis
418 2141 499 2204 hanc
519 2140 683 2205 civitatem
702 2139 749 2204 ita
772 2149 955 2206 contentam
980 2149 1017 2204 ut
1041 2142 1137 2204 rebus
1156 2141 1309 2224 judicatis
1336 2140 1444 2204 fuisse.

244 2237 355 2324 Neque
370 2239 402 2302 in
417 2247 542 2304 renota
557 2261 740 2304 consumam
756 2247 893 2326 tempus·
939 2240 1086 2324 Exempli
1101 2262 1216 2304 caussa
1237 2262 1354 2325 ponam
1368 2239 1445 2303 illud

242 2357 356 2400 unum:
382 2337 417 2401 O.
435 2337 563 2416 Getam,
579 2359 677 2423 quum
691 2359 711 2401 a
728 2337 765 2401 L.
784 2338 919 2402 Metello
933 2346 968 2401 et
983 2337 1041 2401 On.
1055 2337 1198 2402 Domitio
1208 2339 1392 2402 censoribus
1404 2360 1445 2401 ex

242 2443 354 2499 senatu
369 2435 490 2518 ejectus
505 2443 599 2513 esset,
617 2457 778 2500 censorem
793 2457 862 2498 esse
883 2435 986 2519 ipsum
1000 2442 1114 2518 postea
1131 2434 1272 2506 sactum3
1297 2445 1331 2498 et
1353 2436 1445 2518 cujus

241 2553 345 2596 mores
360 2554 380 2595 a
394 2532 577 2596 censoribus
592 2540 683 2595 erant
698 2531 891 2616 reprehensi,
907 2531 992 2593 hunc
1007 2537 1119 2614 postea
1134 2539 1173 2596 et
1187 2532 1293 2616 populi
1309 2531 1445 2595 Romani

241 2637 398 2694 eteorum
413 2628 465 2715 qni
481 2629 513 2692 in
529 2629 632 2715 ipsum
646 2628 936 2693 animadverterant
948 2627 1088 2692 moribus
1103 2629 1287 2715 praefuisse.
1311 2629 1443 2711 Quodsi

240 2728 317 2791 illud
325 2727 480 2811 judicium
489 2736 665 2812 putaretur,
677 2734 714 2791 ut
724 2726 822 2790 ceteri
831 2726 918 2811 turpi
929 2725 1051 2809 judicio
1060 2726 1202 2790 damnati
1211 2726 1245 2789 in
1254 2734 1445 2812 perpetuum

240 2825 324 2889 omni
340 2825 458 2888 honore
473 2846 511 2887 ac
527 2824 683 2909 dignitate
698 2823 873 2909 privantur,
887 2822 935 2887 sic
946 2822 1125 2887 hominihus
1139 2823 1313 2909 ignominia
1322 2823 1444 2888 notatis

240 2944 341 3009 neque
356 2922 397 2986 ad
412 2922 562 2987 honorem
578 2922 684 2985 aditus
699 2944 801 3006 neque
822 2921 854 2984 in
870 2920 990 2985 curiam
1012 2920 1134 2985 reditus
1156 2930 1252 2985 esset.
1300 2922 1393 2985 Nunc
1415 2921 1444 2985 si

240 3044 335 3108 quem
350 3020 408 3085 On.
427 3020 554 3084 Lentuli
568 3028 626 3084 aut
643 3019 681 3083 L.
698 3018 790 3083 Gellii
806 3019 941 3083 libertus
955 3018 1033 3083 furti
1055 3019 1284 3095 condemnarit,
1300 3019 1328 3083 is
1343 3019 1443 3083 onmi-

240 3122 300 3183 bus
328 3118 522 3183 ornamentis
551 3117 677 3183 amissis
706 3138 877 3203 numquam
896 3117 993 3180 ullam
1018 3116 1197 3181 honestatis
1219 3138 1296 3181 suae
1317 3125 1443 3202 partem

240 3218 459 3302 recuperabit;
483 3238 563 3302 qnos
577 3223 687 3280 autem
702 3215 769 3300 ipse
786 3216 824 3280 L.
843 3215 964 3278 Gellius
983 3221 1018 3279 et
1033 3215 1089 3279 On.
1107 3215 1273 3291 Lentulus,
1290 3217 1354 3305 duo
1370 3238 1443 3280 cen·

240 3336 336 3391 sores,
361 3313 525 3379 clarissimi
548 3314 615 3393 viri,
641 3312 931 3399 sapientissimique
946 3312 1097 3390 homines,
1117 3312 1195 3376 iurti
1218 3320 1252 3377 et
1276 3322 1442 3397 captarum

239 3412 441 3497 pecuniarum
456 3412 581 3477 nomine
596 3418 797 3491 notaverunt,
820 3411 843 3475 ii
858 3432 922 3474 non
937 3410 1031 3475 modo
1051 3410 1084 3473 in
1098 3418 1246 3476 senatum
1268 3411 1440 3490 redierunt,

270 3610 469 3671 numisma]
488 3610 541 3659 Tha
552 3624 648 3659 censoru
659 3626 734 3659 πονο
744 3614 771 3659 tc
779 3624 820 3659 sx-
853 3610 959 3659 dedsion
969 3610 998 3658 ol
1004 3610 1047 3657 the
1058 3610 1181 3671 ‘judices'
1193 3610 1241 3657 ina
1252 3614 1258 3637 ⁶
1264 3607 1401 3670 judicium*
1411 3623 1441 3657 οι·

239 3674 312 3720 ercisc
333 3674 397 3721 their
421 3676 489 3722 office
508 3672 630 3737 housstly.
669 3676 738 3737 They
760 3689 822 3722 were
854 3674 888 3736 by
898 3690 945 3737 any
956 3674 1039 3722 decree
1049 3674 1077 3721 ot
1090 3675 1132 3721 the
1147 3674 1282 3736 ‘populna’
1315 3674 1369 3721 'l'bc
1384 3688 1441 3721 cen·

238 3738 289 3784 also
299 3738 408 3799 required
425 3744 450 3785 to
467 3739 520 3799 gira
531 3740 572 3786 the
582 3754 667 3786 reason
678 3740 703 3785 iu
714 3740 756 3787 the
767 3754 822 3785 cen·
855 3740 934 3786 sorian
946 3739 1082 3799 Ignominia
1096 3754 1145 3785 was
1161 3738 1279 3785 therefme
1295 3742 1340 3784 not
1357 3752 1441 3798 perpe-

239 3800 309 3849 sorial
331 3802 441 3861 registers
463 3804 490 3849 ol
512 3802 554 3849 tha
582 3804 724 3863 Ignominia,
746 3802 824 3849 which
856 3803 916 3858 tnal,
932 3803 980 3849 aud
998 3804 1025 3849 in
1043 3803 1092 3849 this
1107 3804 1128 3849 it
1146 3801 1244 3849 differed
1260 3801 1361 3861 entirely
1378 3801 1440 3847 from

238 3865 412 3927 thsyinflicted
424 3880 456 3913 on
472 3880 487 3912 a
503 3880 559 3913 man
575 3866 607 3927 by
618 3866 680 3913 their
688 3867 823 3928 judgmsut.
855 3866 967 3921 infamia,
981 3867 1059 3913 which
1078 3865 1207 3913 watinued
1222 3865 1259 3911 for
1275 3880 1289 3911 a
1305 3864 1383 3911 man's
1399 3864 1441 3911 life

238 3930 298 3977 This
323 3944 372 3975 was
397 3928 439 3976 the
465 3929 621 3991 ‘subscriptio
644 3930 773 3987 censoriar'
797 3944 824 3977 as
856 3929 1224 3992 (savigny,System,&c.ii.p.
1244 3927 1310 3989 197).
1343 3928 1440 3975 Thisia

239 3994 300 4056 Livy
323 3992 414 4057 (xxxix.
436 3993 480 4056 42)
501 4008 624 4055 expresses
644 3995 678 4051 it;
702 3994 824 4041 “Petrum
855 3994 921 4039 what
942 3993 1026 4040 Cicero
1052 4008 1174 4055 expresses
1194 3992 1227 4053 by
1250 3992 1331 4052 ‘turpi
1349 3991 1440 4051 judicio

238 4058 496 4106 memoriainstitutum
506 4058 588 4115 fertur,
598 4064 625 4105 nt
633 4072 744 4105 censores
752 4058 824 4105 motis
855 4058 961 4105 mmmti
980 4056 1119 4118 prirentur!
1152 4056 1205 4103 The
1221 4070 1396 4117 consequences
1414 4055 1442 4103 ol

238 4130 324 4172 senatu
334 4122 495 4169 adscriberent
506 4122 601 4170 notas.’'
854 4121 1037 4169 condamnation
1052 4123 1078 4168 in
1097 4136 1113 4168 a
1131 4126 1218 4181 ‘turpe
1226 4118 1357 4180 judicium’
1375 4134 1439 4168 were

270 4188 322 4235 The
333 4202 429 4234 censore
445 4202 506 4234 were
522 4192 565 4234 not
582 4184 663 4233 bound
681 4191 707 4233 to
723 4184 821 4233 investi·
855 4186 965 4243 Infamia,
985 4186 1062 4233 which
1083 4200 1131 4233 was
1152 4184 1284 4246 perpetual.
1322 4184 1368 4232 See
1390 4184 1438 4232 Pro

237 4260 292 4315 gnte
309 4252 421 4313 chargss;
438 4252 495 4313 they
512 4252 589 4312 might
607 4256 646 4297 act
661 4266 693 4297 on
710 4264 821 4297 common
854 4250 964 4304 Caedna
976 4265 996 4297 c.
1008 4252 1033 4298 3.

237 4322 319 4380 report
341 4317 371 4379 (c
393 4316 445 4379 lt),
467 4316 515 4363 and
536 4316 558 4362 ii
576 4316 674 4379 opinion
695 4314 743 4361 had
764 4328 821 4361 con·
887 4316 1004 4376 Exempli
1012 4328 1097 4362 caum
1101 4314 1205 4375 ροιιοοι]
1216 4312 1273 4360 8.Τ.
1286 4312 1437 4362 Clarenna

237 4382 340 4431 demnsd
357 4396 371 4429 ι
387 4396 452 4437 man,
471 4382 529 4442 they
548 4380 617 4429 could
636 4380 753 4427 condemn
771 4378 821 4426 him
854 4380 912 4427 with
929 4378 1151 4427 theotharMSS.=
1169 4377 1329 4425 ‘Consanum
1341 4383 1436 4439 tempus

236 4452 286 4495 too.
320 4446 498 4494 ButthaNota
513 4445 600 4493 otone
615 4443 822 4493 censorcouldbe
854 4445 978 4505 exemplis.
1006 4441 1436 4499 Ponamdcc.;’rrhichisatleastss

237 4512 363 4574 destroyed
375 4510 407 4573 by
417 4511 459 4559 the
475 4508 651 4573 oppositiones
663 4525 678 4557 a
693 4509 820 4570 osdagus,
853 4508 925 4571 good.

235 4590 264 4624 or
285 4575 318 4638 by
339 4576 382 4624 the
403 4574 543 4638 mccsediug
562 4588 665 4633 cenwrs,
684 4588 712 4623 οι·
727 4575 761 4637 by
780 4572 822 4623 the
