3517 5325
683 426 783 526 oar.
808 460 945 527 ιιι-ιι.
1351 466 1413 533 aaa

211 623 354 690 homines
376 633 463 690 certe
487 646 582 712 qnam
610 628 856 697 contumeliam:
882 632 1024 714 sperant,
1045 628 1074 695 ei
1093 651 1279 697 concessum
1295 632 1341 699 sit
1357 632 1417 697 ini·

211 722 303 785 micis
323 721 381 787 Gn.
398 722 553 807 Pompeii,
568 746 641 788 cnm
656 724 800 810 irnperio,
816 748 890 789 cum
907 726 1028 810 judicio
1043 728 1183 793 omnium
1204 750 1318 805 rerum,
1343 752 1416 795 cum

212 817 336 883 infinita
359 826 530 904 potestate,
555 844 627 887 cum
649 822 869 887 innumerabili
899 823 1034 909 pecunia
1062 846 1126 889 uon
1155 827 1259 891 solum
1287 828 1357 891 aliie
1381 828 1416 893 in
1463 870 1469 877 -

210 914 290 979 locis
304 918 420 1001 vagari,
441 919 659 984 verumetiam
672 920 715 984 ad
729 922 827 1005 ipsine
841 922 1016 987 exercitum
1040 923 1214 1006 pervenire,
1235 924 1354 1009 aliquid
1370 924 1414 992 illi

211 1012 395 1077 insidiarum
422 1015 500 1092 fieri,
530 1016 650 1101 aliquid
677 1019 717 1083 de
741 1019 812 1102 ejus
837 1019 991 1097 exercitu,
1022 1020 1132 1104 copiis,
1156 1021 1259 1105 gloria
1289 1020 1414 1087 detrahi

211 1130 316 1193 posse.
362 1110 496 1187 Putant,
511 1112 538 1177 ei
553 1135 648 1198 quam
663 1136 751 1197 epam
766 1115 799 1180 in
814 1114 872 1179 On.
890 1115 1042 1199 Pompeio
1057 1117 1217 1181 exercitus
1230 1118 1414 1189 hamalant
1501 1140 1507 1147 “

211 1227 362 1289 agrorum
376 1216 435 1273 aut
452 1209 585 1275 aliorum
607 1212 854 1288 commodorum,
869 1213 952 1277 hanc
967 1234 1030 1277 uon
1044 1214 1239 1293 habiturum,
1258 1236 1354 1299 quum
1370 1213 1414 1277 vi-

211 1303 316 1367 derint
330 1326 439 1368 eernm
455 1328 561 1369 rerum
575 1308 714 1371 omnium
728 1314 922 1391 potestatem
936 1310 977 1374 ad
994 1310 1196 1375 decemviros
1218 1332 1288 1375 eeoe
1308 1318 1413 1377 trans·

211 1402 319 1464 latam.
357 1401 471 1466 Patior
485 1424 549 1467 nou
569 1404 700 1469 moleste
719 1412 788 1472 tam
804 1406 923 1471 stultos
937 1428 1007 1474 esec
1022 1407 1076 1491 qui
1092 1407 1173 1471 haec
1190 1416 1329 1493 sperent,
1345 1415 1413 1473 tam

212 1498 412 1582 impudentes
430 1500 484 1583 qui
501 1500 579 1565 haec
596 1510 760 1567 conentur.
805 1502 889 1567 Illud
910 1525 1035 1587 queror,
1057 1510 1125 1575 tam
1146 1526 1197 1571 me
1219 1506 1260 1569 ab
1283 1504 1323 1569 iia
1342 1514 1412 1570 aeae

211 1603 431 1679 contemptum
445 1605 483 1662 ιιι
496 1597 575 1662 baec
589 1606 737 1683 portenta
750 1620 801 1663 me
816 1600 944 1665 consule
959 1600 1159 1684 potissimum
1174 1602 1363 1687 cogitarent.

256 1694 367 1777 Atque
389 1694 423 1757 in
444 1696 589 1760 omnibua
611 1696 660 1759 hin
680 1696 767 1780 agria
787 1696 1002 1781 aedificiisque
1022 1698 1194 1763 vendendis
1213 1699 1412 1785 permittitur
1460 1724 1466 1733 ·

212 1789 407 1868 decemviris,
422 1801 460 1856 ut
474 1794 614 1859 vendant
626 1794 876 1880 quibuscumque
898 1794 930 1857 in
952 1794 1030 1859 locis
1045 1795 1199 1861 videatur.
1245 1796 1273 1861 0
1290 1804 1412 1880 pertur-

211 1887 322 1951 betam
349 1889 523 1953 rationem!
548 1912 568 1953 o
593 1890 753 1955 libidinem
776 1891 1018 1958 refrenandam!
1054 1914 1074 1955 o
1097 1892 1230 1957 consilia
1257 1892 1413 1959 dissoluta

212 1992 310 2069 atquc
324 1986 466 2070 perdita!
513 1986 620 2051 XXI.
643 1986 824 2073 Vectigalia
837 1989 942 2053 locare
956 2010 1112 2073 nusquam
1126 1990 1213 2070 licat,
1229 1990 1289 2053 nisi
1304 1990 1337 2057 in
1352 1990 1412 2055 heo

211 2083 299 2161 urbe,
317 2082 377 2147 boc
390 2106 432 2149 ex
445 2083 524 2161 loco,
542 2085 599 2149 hac
610 2092 751 2150 vestrum
764 2087 952 2171 frequentia.
992 2084 1112 2151 Venire
1128 2096 1260 2151 nostrae
1276 2109 1326 2151 ree
1342 2108 1412 2171 pro·

212 2177 299 2262 priae
316 2187 351 2244 et
374 2180 406 2243 in
427 2189 614 2266 perpetuum
632 2183 758 2247 anobis
778 2183 949 2249 abalienari
965 2181 997 2247 iu
1014 2182 1253 2268 Paphlagoniae
1271 2182 1412 2249 tenebris

212 2282 310 2359 atque
333 2276 365 2339 iu
387 2276 610 2363 Cappadociae
630 2279 801 2343 solitudine
815 2280 944 2345 licebitl
991 2279 1028 2342 L.
1045 2281 1134 2345 Sulla
1149 2302 1247 2364 quum
1269 2280 1351 2343 bona
1366 2279 1412 2343 in·

212 2373 433 2439 demnatorum
453 2376 566 2439 civium
584 2377 712 2441 funesta
733 2376 787 2439 illa
800 2398 860 2439 oua
872 2375 1021 2439 auctione
1037 2377 1199 2453 venderet,
1223 2384 1256 2440 et
1272 2398 1309 2439 ee
1323 2396 1412 2459 pree-

212 2470 285 2533 dam
299 2493 389 2533 anam
405 2472 524 2536 diceret
539 2474 682 2550 uendere,
698 2480 805 2537 tamen
820 2496 861 2535 ex
876 2474 936 2535 hcc
951 2472 1021 2535 loco
1037 2473 1188 2547 vendidit,
1204 2494 1263 2536 uec
1277 2494 1412 2557 quorum

212 2568 321 2630 oculos
346 2568 537 2644 offendebat,
566 2591 677 2633 eorum
699 2570 840 2654 ipsorum
865 2577 1071 2651 conspectum
1094 2568 1204 2653 lugere
1229 2590 1326 2635 ausus
1351 2576 1410 2635 eet.

212 2665 392 2730 Decemviri
407 2674 513 2730 vestra
530 2667 696 2750 uectigalia
717 2687 781 2730 uon
802 2666 895 2730 modo
911 2665 999 2730 vobis
1020 2666 1157 2746 arbitrie,
1182 2667 1238 2731 aad
1260 2689 1300 2732 ne
1322 2689 1413 2752 prae·

212 2783 291 2826 cone
306 2762 431 2846 quidem
446 2763 573 2846 publico
587 2771 672 2828 teste
687 2763 845 2828 vendent!

258 2860 418 2944 Sequitur,
445 2881 560 2923 onuns
587 2881 695 2923 aenos
723 2881 839 2922 exure
864 2879 1016 2922 inarmati
1041 2859 1166 2926 infinito
1193 2882 1235 2926 ex
1257 2866 1409 2945 tempore,

212 2979 285 3034 non,
309 2966 347 3022 ιιι
366 2964 471 3036 antea,
493 2958 535 3020 ab
558 2956 646 3020 Sulla
668 2965 703 3022 et
719 2957 871 3042 Pompeio
887 2956 1079 3022 consulibus.
1125 2955 1273 3042 Cognitio
1289 2959 1412 3022 decem-

212 3055 323 3129 virum,
339 3055 481 3138 privatus
502 3055 545 3117 eit
565 3075 608 3116 an
628 3053 791 3138 publicus:
815 3055 906 3139 eique
921 3075 999 3138 agro
1015 3054 1192 3138 pergrande
1207 3054 1341 3138 vectigal
1356 3055 1412 3117 im-

211 3152 350 3238 ponitur.
376 3151 450 3215 Hoc
465 3163 620 3238 quantum
630 3151 795 3236 judicium,
811 3173 907 3237 quam
922 3150 1165 3230 intolerandum,
1181 3173 1275 3236 quam
1290 3152 1413 3238 regium

211 3250 264 3325 eit,
282 3271 373 3334 quem
387 3250 563 3334 praeteriti
584 3271 676 3334 popae
692 3250 943 3334 quibuscumque
965 3247 1045 3312 locis
1060 3249 1167 3327 velint,
1191 3247 1277 3314 nulla
1289 3249 1412 3332 discep-

212 3345 344 3424 tatione,
361 3347 446 3410 nullo
459 3347 600 3423 coneilio,
617 3347 741 3432 privata
754 3346 925 3433 publicare,
942 3346 1068 3432 publica
1082 3345 1238 3410 liberere!
1283 3344 1413 3432 Excipi·
1524 3393 1527 3400 .

212 3451 267 3506 tur
289 3443 349 3507 hoc
372 3445 477 3529 capite
501 3467 580 3530 ager
603 3445 635 3508 iu
656 3443 765 3509 Sicilia
786 3443 1038 3520 Recentoricus;
1064 3467 1157 3529 quem
1181 3467 1240 3530 ego
1261 3443 1413 3528 excipiet

211 3549 344 3628 propter
365 3541 527 3606 hominnm
547 3542 814 3606 necessitudinem
835 3549 869 3604 et
891 3550 1022 3626 propter
1038 3542 1243 3627 aequitatem,
1261 3542 1410 3624 Quirites,

210 3711 301 3760 limitu
320 3709 366 3758 ‘ad
388 3711 503 3767 modun!
521 3711 542 3758 ie
561 3716 587 3759 to
604 3711 647 3758 the
661 3711 708 3759 full
729 3726 794 3760 mea·
859 3711 899 3760 al.
921 3713 1056 3772 Vectipelr'a
1073 3711 1166 3772 locare]
1185 3711 1238 3760 The
1256 3709 1412 3772 ‘vectigalia'

195 3789 276 3830 aare.
308 3774 386 3821 There
403 3775 423 3822 ir
441 3791 457 3822 a
473 3789 572 3836 passage
589 3775 615 3822 in
633 3790 654 3822 c.
669 3775 794 3829 ³1‚‘Non
826 3786 888 3820 urere
905 3775 939 3820 let
956 3783 981 3820 at
1002 3775 1160 3830 Romefmm
1178 3775 1327 3822 thannata
1362 3773 1412 3824 But

210 3839 285 3888 modo
304 3853 461 3884 voce—venrm
481 3837 569 3894 eliam,’
587 3839 665 3884 where
682 3853 718 3884 we
739 3853 795 3899 nra]
826 3837 897 3884 tbcae
908 3838 935 3884 ci
944 3837 1015 3899 Sicily
1024 3853 1086 3886 were
1096 3839 1130 3884 let
1140 3839 1166 3884 ln
1172 3839 1214 3886 tbc
1224 3837 1301 3886 irland
1313 3836 1380 3900 (Vol.
1388 3837 1411 3886 1.

212 3904 327 3951 trandm
338 3906 403 3948 ‘non
420 3900 507 3950 modo’
526 3901 557 3963 by
575 3906 633 3948 ‘not
651 3902 708 3962 only
716 3899 732 3957 ς’
750 3903 795 3948 but
826 3899 895 3947 Verr.
907 3901 932 3948 ii.
944 3903 968 3948 3.
981 3917 1001 3948 c.
1014 3903 1037 3958 6,
1049 3901 1096 3949 aad
1108 3901 1160 3956 64).

212 3983 248 4014 we
260 3973 324 4014 murt
334 3973 378 4014 not
389 3966 503 4014 umente
521 3966 570 4012 thia
587 3981 686 4026 pmaage
702 3979 729 4011 aa
740 3964 795 4012 isit
859 3965 1007 4026 abalienari]
1033 3963 1063 4012 Ε.
1089 3963 1114 4012 F.
1136 3963 1183 4012 (ιι
1215 3964 1257 4012 the
1278 3967 1328 4010 reat
1351 3963 1412 4014 aare

212 4028 504 4080 were‘nonmodcnon.'
524 4029 714 4082 Howerer,⁴not
724 4029 794 4089 only'
828 4027 957 4074 ‘alierum'
992 4027 1412 4076 Sceuoteonc.13.-‘nonmodo

211 4097 233 4144 io
250 4102 293 4142 not
309 4098 351 4142 tbe
368 4095 421 4143 beet
436 4094 577 4142 bnnrlntion
592 4093 667 4140 there.
702 4093 733 4140 ln
747 4092 796 4140 lad
827 4092 895 4140 vobis
906 4091 1025 4138 arbitrisr'
1042 4091 1084 4140 the
1096 4091 1167 4140 MSS.
1179 4092 1239 4140 have
1259 4097 1324 4140 ‘non
1341 4091 1412 4140 modo

214 4165 272 4208 ‘not
288 4159 359 4220 only'
376 4160 401 4206 in
414 4159 515 4218 English
530 4159 551 4204 ie
568 4157 717 4220 ambiguous.
752 4157 798 4206 See
828 4155 1047 4218 nevobisqnideru
1065 4155 1176 4214 arbitrie,'
1194 4163 1278 4218 except
1289 4171 1335 4204 one
1346 4155 1412 4212 MS„

212 4222 547 4272 Vol.l.1·lncnranaonNon
560 4221 639 4270 modo.
829 4220 907 4267 which
933 4221 1005 4268 emila
1026 4219 1153 4282 ‘quidem'
1187 4220 1343 4268 Lauredauur
1360 4235 1409 4268 cor·

245 4288 446 4349 refrenandam]
460 4292 475 4313 ⁴·
483 4287 635 4345 effrenatam,
647 4299 691 4332 noa
701 4302 707 4342 ς
717 4283 795 4346 refre-
829 4285 910 4332 rectcd
920 4285 969 4331 this
980 4293 1127 4345 passage-¹
1135 4285 1205 4346 eique
1213 4299 1269 4346 agno
1280 4285 1295 4330 ι’
1307 4285 1349 4332 the
1360 4299 1413 4332 ccr-

211 4356 304 4408 aaran,
317 4351 344 4400 F.
357 4351 400 4410 P.;
411 4351 590 4414 rqsmondam,
599 4348 698 4398 cetcrd.”
717 4347 796 4398 ‘Noe'
829 4349 922 4436 rectiqn
933 4348 961 4396 ol
969 4349 1076 4412 Madvig.
1093 4347 1146 4398 The
1157 4349 1230 4398 MSS.
1244 4349 1303 4398 bare
1317 4348 1414 4413 ‘sicque

212 4416 234 4463 ir
245 4416 333 4464 Baiter.
830 4427 896 4476 agro.
