3517 5325
339 480 381 542 80
568 521 576 539 .
651 473 785 540 ORAT.
811 471 903 538 PRO
931 473 1035 539 SEX.
1061 471 1225 538 Rosclo

337 645 492 712 maleficia
504 645 688 732 gignuntur.
736 645 817 710 Vita
830 651 939 710 autem
955 644 1035 708 haec
1056 643 1185 720 rustica,
1202 663 1296 728 quam
1318 647 1355 708 tu
1377 650 1544 728 agrestem·

337 761 442 822 voca,
458 744 677 831 parsimoniae,
694 743 885 829 diligentiae,
901 741 1047 827 justitiae
1069 743 1225 828 magistra
1246 748 1305 806 est.
1352 740 1535 807 XXVIII.

338 840 461 906 Verum
476 843 555 906 haec
569 842 666 906 missa
679 841 772 906 facio.
820 840 903 904 Illud
918 862 1053 925 quaero:
1078 841 1105 904 is
1120 841 1214 904 homo
1228 838 1291 924 qui,
1308 845 1345 903 ut
1359 845 1432 904 tute
1447 839 1536 918 dicis,

336 961 507 1025 numquam
520 941 605 1004 inter
615 939 758 1003 homines
771 938 875 1015 fuerit,
889 960 945 1023 per
956 957 1035 1023 quos
1046 938 1189 1002 homines
1199 938 1260 1002 hoc
1275 945 1402 1002 tantum
1415 937 1538 1002 facinus

336 1045 404 1101 tam
427 1039 586 1102 occultum
608 1038 724 1100 absens
743 1035 929 1121 praesertim
954 1036 1108 1100 conficere
1132 1035 1282 1120 potuerit.
1328 1034 1437 1098 Multa
1461 1045 1538 1100 sunt

334 1136 422 1214 falso,
440 1135 574 1220 judices,
589 1157 670 1220 quae
696 1142 804 1199 tamen
826 1134 917 1218 argui
934 1133 1109 1218 suspiciose
1129 1139 1283 1217 possunt:
1312 1131 1345 1195 in
1369 1132 1419 1197 his
1442 1135 1538 1198 rebus
1586 1147 1590 1158 '

334 1233 362 1296 si
390 1233 527 1317 suspicio
550 1239 679 1316 reperta
704 1231 775 1310 erit,
801 1231 926 1316 culpam
955 1231 1057 1294 inesse
1082 1231 1265 1294 concedam.
1311 1229 1432 1294 Romae
1463 1231 1537 1295 Sex.

335 1329 472 1394 Roscius
495 1329 661 1407 occiditur,
686 1350 783 1414 quum
802 1327 834 1390 in
857 1350 935 1413 agro
960 1327 1112 1392 Amerino
1136 1335 1223 1390 esset
1242 1326 1335 1390 lilius.
1383 1325 1535 1406 Litterae,
1615 1371 1618 1378 ·

334 1429 439 1506 credo,
455 1427 544 1491 misit
557 1427 652 1490 alicui
666 1425 790 1505 sicario,
808 1424 861 1510 qui
877 1425 999 1489 Romae
1010 1431 1140 1490 noverat
1149 1424 1315 1488 neminem.
1360 1424 1537 1490 Arcessivit

333 1524 575 1610 aliquem—At
596 1525 745 1610 quando!
799 1523 955 1588 Nuntium
984 1523 1239 1604 misit-Quem,
1266 1531 1324 1587 aut
1351 1523 1393 1586 ad
1422 1525 1538 1609 queml

335 1621 456 1700 Pretio,
482 1622 597 1708 gratia,
622 1644 687 1707 spe,
712 1620 876 1707 promissis
904 1620 1030 1684 induxit
1057 1620 1338 1706 aliquem-Nihil
1362 1621 1474 1684 horum
1497 1642 1537 1684 no

333 1720 471 1804 confingi
496 1720 624 1804 quidem
649 1727 778 1804 potest:
810 1727 845 1784 et
872 1726 981 1784 tamen
1007 1741 1121 1783 caussa
1145 1720 1185 1783 de
1210 1719 1378 1804 parricidio
1408 1719 1532 1784 dicitur.

334 1819 504 1904 Reliquum
518 1826 569 1882 est
583 1824 621 1880 ut
637 1839 695 1901 per
713 1839 823 1882 servos
842 1817 875 1880 id
897 1817 1070 1881 admiserit.
1116 1817 1144 1882 Ο
1161 1817 1215 1882 Dii
1230 1817 1444 1884 immortales!
1468 1837 1536 1881 rem

332 1915 480 1980 miseram
505 1921 540 1978 et
565 1914 793 1978 calamitosam.
839 1913 931 1994 Quod
954 1914 987 1976 in
1010 1914 1068 1977 tali
1097 1913 1226 1978 crimine
1256 1915 1416 1979 innocenti
1439 1913 1535 1978 saluti

333 2013 416 2078 solet
440 2034 520 2088 esse,
547 2019 585 2076 ut
607 2033 716 2077 servos
737 2012 771 2075 in
794 2012 1010 2098 quaestionem
1037 2011 1229 2096 polliceatur,
1260 2012 1294 2076 id
1324 2013 1397 2077 Sex.
1419 2012 1536 2076 Roscio

332 2111 437 2175 iacere
465 2131 529 2173 non
557 2109 642 2175 licet.
698 2108 778 2184 Vos,
805 2109 859 2195 qui
888 2109 971 2172 hunc
1000 2109 1167 2186 accusatis,
1192 2131 1301 2174 omnes
1330 2110 1399 2194 ejus
1428 2131 1536 2174 servos

333 2207 465 2272 habetis.
513 2206 608 2270 Unus
622 2228 709 2291 puer,
726 2206 829 2270 victus
843 2205 1019 2290 quotidiani
1038 2204 1232 2286 administer,
1249 2229 1289 2271 ex
1312 2215 1404 2272 tanta
1417 2206 1536 2272 familia

333 2303 408 2369 Sex.
419 2303 537 2368 Roscio
548 2303 679 2369 relictus
690 2326 753 2368 non
764 2311 823 2368 est
854 2303 901 2368 Te
910 2325 994 2367 nunc
1002 2303 1134 2388 appello,
1149 2303 1187 2368 P.
1198 2305 1313 2390 Scipio,
1324 2313 1368 2384 te,
1381 2305 1531 2371 Metelle:

332 2401 421 2466 vobis
434 2401 608 2479 advocatis,
625 2402 715 2466 vobis
729 2401 908 2488 agentibus,
924 2400 1092 2486 aliquoties
1112 2403 1193 2466 duos
1214 2425 1321 2466 servos
1336 2411 1487 2488 paternos
1502 2403 1536 2467 in

332 2499 551 2584 quaestionem
572 2501 613 2564 ab
634 2500 822 2564 adversariis
846 2500 919 2563 Sex.
938 2498 1073 2564 Roscius
1087 2500 1268 2584 postulavit.
1316 2500 1535 2567 Meministine

332 2603 375 2676 te,
401 2597 440 2662 Τ.
461 2597 568 2675 Rosci,
593 2600 762 2663 recusare!
807 2596 900 2678 Quid,
920 2597 942 2660 ii
963 2597 1045 2663 servi
1067 2598 1121 2662 ubi
1142 2599 1239 2663 sunt?
1284 2597 1534 2685 Chrysogonum,

329 2694 463 2780 judices,
479 2702 664 2760 sectantur:
688 2697 773 2781 apud
787 2718 860 2760 eum
874 2703 950 2761 sunt
969 2696 1002 2759 in
1023 2697 1142 2760 honore
1161 2704 1195 2761 et
1214 2696 1246 2760 in
1266 2698 1380 2781 pretio.
1426 2698 1536 2762 Etiam

331 2815 416 2857 nunc
438 2801 475 2857 ut
497 2814 538 2857 ex
561 2793 612 2858 his
636 2800 807 2880 quaeratur
830 2815 891 2879 ego
914 2794 1060 2878 postulo;
1093 2792 1144 2857 hic
1164 2800 1236 2859 orat
1260 2800 1357 2880 atque
1376 2795 1534 2861 obsecrat.

334 2891 418 2971 Quid
446 2890 574 2956 facitis?
606 2912 663 2955 cur
684 2892 863 2956 recusatis?
915 2890 1073 2956 Dubitate
1101 2891 1198 2955 etiam
1226 2914 1319 2969 nunc,
1343 2892 1476 2977 judices,
1507 2893 1535 2957 si

312 2989 478 3081 potestis,
495 3010 591 3074 aquo
611 2988 655 3053 sit
670 2989 746 3053 Sex.
762 2988 896 3052 Roscius
911 2989 1056 3062 occisus;
1080 2990 1122 3052 ab
1137 3011 1216 3053 eone
1239 2990 1292 3076 qui
1308 2999 1438 3076 propter
1452 2990 1536 3055 illius

332 3093 469 3151 mortem
483 3086 515 3149 in
530 3093 675 3171 egestate
688 3092 723 3150 et
737 3085 859 3149 insidiis
872 3093 1028 3162 versatur,
1045 3086 1097 3149 cui
1116 3109 1156 3150 ne
1170 3088 1339 3171 quaerendi
1354 3089 1480 3174 quidem
1494 3088 1535 3153 de

333 3190 437 3247 morte
450 3184 552 3267 patris
573 3190 717 3268 potestas
735 3182 951 3268 permittitur;
975 3204 1016 3247 an
1036 3184 1077 3247 ab
1092 3183 1130 3247 iis
1150 3184 1204 3269 qui
1223 3186 1440 3269 quaestionem
1454 3185 1535 3269 lugi·

333 3287 416 3357 tant,
444 3281 528 3344 bona
552 3280 725 3364 possident,
753 3280 786 3342 in
811 3279 910 3343 caede
934 3287 1031 3365 atque
1060 3302 1099 3343 ex
1126 3282 1222 3345 caede
1244 3282 1363 3346 vivunt.
1409 3282 1533 3361 Omnia,

330 3376 465 3459 judices,
480 3376 514 3439 in
527 3376 588 3439 hac
603 3398 716 3441 caussa
735 3382 811 3441 sunt
834 3376 951 3442 misera
973 3384 1070 3462 atque
1084 3377 1234 3464 indigna;
1259 3386 1367 3444 tamen
1381 3382 1442 3446 hoc
1457 3381 1535 3446 nihil

364 3533 521 3596 plusculam]
562 3532 641 3581 'Ibero
656 3534 677 3582 is
695 3550 711 3581 a
731 3534 830 3597 reading
852 3536 919 3597 ‘gig
951 3536 1087 3584 consented.
1121 3536 1205 3585 Cicero
1227 3538 1270 3587 bas
1294 3544 1343 3588 two
1369 3555 1481 3604 passages
1502 3558 1535 3591 on

333 3596 438 3653 oanan:
458 3612 486 3645 ss
507 3613 555 3647 one
575 3598 654 3660 might
678 3613 789 3661 suppose.
833 3600 920 3649 Ilithcr
950 3602 1084 3649 torturam
1099 3601 1142 3649 the
1156 3602 1280 3651 Oratoriac
1295 3604 1438 3655 Partitiones
1450 3607 1482 3670 (c.
1496 3610 1534 3657 lt.

332 3661 395 3709 form
406 3662 453 3708 will
464 3662 511 3709 do:
530 3662 679 3723 ‘gignantur’
696 3664 743 3711 iss
753 3664 918 3713 continuation
950 3665 1002 3729 st),
1019 3666 1045 3713 in
1055 3680 1102 3714 one
1113 3666 1140 3713 of
1154 3667 1232 3715 which
1243 3669 1275 3717 ha
1285 3685 1354 3731 says:
1373 3671 1425 3719 “de
1440 3677 1535 3721 nostro.

333 3725 362 3773 of
369 3725 411 3788 the
421 3726 484 3774 form
495 3731 502 3755 ⁴
511 3728 598 3775 existat
608 3761 615 3775 .
628 3762 634 3774 .
647 3763 653 3776 .
665 3742 761 3775 necesse
771 3730 825 3776 est!
842 3733 849 3757 ⁴
859 3730 917 3791 Gig-
949 3745 1003 3777 ram
1019 3732 1091 3778 ettam
1103 3730 1341 3792 prudentissimorum
1357 3736 1482 3794 institutis,
1493 3738 1535 3799 qni

332 3790 602 3839 nnntnr‘Issdistinct
611 3793 767 3855 proposition.
949 3810 1003 3843 cum
1015 3796 1045 3843 dc
1062 3796 1172 3844 servisin
1183 3796 1293 3846 dominos
1303 3800 1385 3861 quaeri
1395 3801 1535 3860 noluissent,

364 3856 406 3903 28.
422 3857 760 3919 Anaeititoliquem.-At]
796 3856 917 3906 ‘Aroessi
949 3860 979 3907 de
990 3860 1083 3907 incestu
1091 3865 1172 3908 umen
1182 3866 1207 3907 et
1218 3863 1389 3924 conjuratione,
1400 3880 1462 3927 quse

330 3919 488 3982 vitaliqucm
499 3936 570 3983 quem
582 3920 758 3984 sutqusndoi’
802 3922 917 3969 Klotz.-
949 3940 988 3971 mc
1004 3926 1101 3972 consule
1120 3930 1164 3981 est.
1182 3927 1343 3987 quaerendum
1362 3930 1534 3991 putaverunt.”

332 3984 516 4033 ‘calamitosam
534 3986 605 4038 Quod
613 3985 630 4033 ι’
664 3987 738 4035 Klotz
749 3986 792 4034 has
808 3988 851 4034 tho
861 4002 916 4048 pss-
950 3989 995 4037 Seo
1006 3988 1183 4046 Procrusten,
1195 4006 1215 4037 c.
1227 3994 1267 4039 63.

331 4063 388 4111 saga
401 4050 471 4097 thus:
502 4056 567 4097 ‘rem
585 4051 696 4098 miseram
707 4058 732 4099 et
747 4052 918 4109 calamitosam,
981 4054 1191 4111 collaudassent,
1209 4057 1439 4121 accrescentibus]
1474 4059 1534 4107 Thm

331 4114 395 4175 quod
413 4114 438 4161 in
454 4116 496 4162 tali
507 4116 606 4163 crimine
616 4116 681 4177 quod
695 4115 835 4170 innocenti‚'
857 4120 916 4173 &c.;
950 4118 1023 4165 refers
1040 4124 1066 4165 to
1081 4119 1145 4166 what
1164 4120 1220 4166 toolr
1241 4121 1308 4181 place
1325 4121 1404 4170 before
1418 4122 1460 4170 the
1471 4124 1533 4173 trial.

331 4178 379 4225 and
400 4179 469 4226 there
489 4181 510 4227 is
531 4180 594 4241 good
615 4180 736 4241 authority
757 4181 794 4227 ior
821 4179 913 4241 ‘quod'
946 4182 1024 4229 These
1035 4198 1091 4230 men
1098 4198 1159 4230 were
1166 4184 1240 4231 called
1251 4186 1452 4245 ineswitncssca,
1463 4188 1534 4236 when

330 4240 403 4316 being
419 4244 539 4305 repeated.
573 4244 623 4291 But
639 4244 652 4291 Ι
672 4244 703 4291 do
718 4249 762 4291 not
775 4244 846 4291 think
861 4245 916 4292 that
948 4246 1002 4295 Sex.
1022 4247 1123 4295 Roscius
1139 4250 1258 4311 proposed
1270 4255 1295 4297 ιο
1306 4255 1351 4312 put
1367 4252 1409 4298 tha
1420 4252 1496 4300 slaves
1507 4257 1533 4300 to

330 4305 380 4352 tlus
390 4321 411 4352 rs
421 4307 463 4354 tho
473 4309 577 4368 genuine
587 4312 646 4356 text.
947 4311 988 4359 the
999 4318 1090 4360 tortura
1107 4311 1138 4375 (c
1151 4314 1201 4375 41).
1225 4314 1343 4376 Compare
1355 4314 1401 4363 Pro
1412 4316 1532 4375 Cluentio,

364 4371 575 4434 iactantiam]
611 4372 915 4421 ‘Tooll‘crhisslsresior
947 4390 967 4423 c.
984 4378 1029 4425 63:
1049 4377 1219 4425 “advocantur
1234 4380 1304 4427 amici
1320 4384 1346 4427 et
1361 4380 1468 4443 hospites
1479 4382 1532 4443 Op-

330 4432 446 4490 torturc3’
470 4436 507 4482 lor
523 4452 538 4483 a
554 4436 632 4483 msn's
646 4437 722 4485 slavos
739 4438 808 4485 could
828 4444 872 4485 not
889 4443 914 4485 at
945 4441 1033 4502 pinnici
1045 4475 1051 4489 .
1065 4442 1532 4495 ..Tormentisomnibusrchcmcnlis-

331 4496 381 4571 this
396 4496 455 4547 timo
471 4498 502 4545 bc
517 4505 562 4561 put
575 4506 602 4547 to
617 4502 660 4549 tba
675 4507 766 4549 tortura
780 4508 806 4550 ιο
822 4502 915 4550 iurnish
948 4506 1008 4554 sime
1018 4505 1166 4568 (ιιιιιοιὶιιιι.Η

330 4560 444 4609 evidence
464 4564 558 4624 against
581 4564 645 4612 their
665 4570 761 4624 mutor,
782 4567 863 4615 unless
884 4567 916 4615 bc
