3517 5325
593 485 815 558 AMERINO
841 489 943 555 CAP.
967 493 1106 558 40-43.
1409 501 1450 566 95

247 658 326 726 velit
339 659 400 724 hos
419 657 548 736 versari,
569 657 712 724 homines
728 680 830 744 paene
853 660 1024 746 operarios,
1048 685 1088 728 ex
1109 661 1265 728 Amerina
1287 663 1452 750 disciplina

247 756 486 843 patrisfamiliae
509 757 673 822 nistioani.
728 757 802 822 Non
826 766 877 823 est
899 759 946 826 ita
969 761 1125 846 proiecto,
1148 761 1290 846 judices:
1314 784 1377 827 non
1403 769 1453 827 est

248 856 314 922 veri
337 855 440 922 simile
462 862 499 920 ut
518 855 743 940 Chrysogonus
764 856 878 922 horum
897 859 1023 924 litteras
1045 860 1202 924 adamarit
1227 867 1285 925 aut
1310 861 1453 924 humaui-

248 961 370 1029 tatem;
395 975 468 1032 nou,
489 961 527 1020 ut
549 955 595 1020 rei
620 954 783 1020 iamilimis
806 955 935 1040 negotio
956 955 1155 1044 diligentiam
1173 957 1320 1046 cognorit
1343 979 1452 1023 eorum

248 1058 284 1116 et
307 1051 413 1116 fidem.
464 1050 529 1116 Est
549 1051 708 1136 quiddam,
733 1052 818 1136 quod
838 1053 1027 1118 occultatur.
1077 1053 1170 1134 Quod
1196 1077 1259 1140 quo
1279 1055 1453 1120 studiosius

250 1150 292 1214 ab
311 1148 390 1233 ipsis
414 1147 604 1233 opprimitur
625 1157 661 1215 et
680 1149 896 1228 absconditur,
922 1173 960 1216 eo
978 1151 1079 1236 rrlagis
1105 1152 1223 1218 eminet
1248 1160 1283 1218 et
1308 1161 1451 1239 apparet.

251 1247 369 1312 XLlI.
397 1247 481 1328 Quid
506 1245 614 1332 igitur,
639 1245 865 1332 Chrysogonus
888 1248 937 1312 sui
960 1250 1106 1314 maleficii
1131 1251 1311 1316 occultandi
1339 1272 1453 1316 caussa

251 1345 468 1432 quaestionem
487 1344 527 1408 de
550 1345 600 1408 his
623 1345 732 1410 haberi
755 1367 819 1409 non
841 1347 929 1410 vulti
975 1347 1120 1425 Minime,
1142 1349 1276 1432 judicos.
1323 1349 1396 1412 Non
1419 1348 1453 1412 in

250 1465 360 1510 omnes
372 1443 512 1508 arbitror
526 1443 632 1508 omnia
651 1443 828 1508 convenire.
873 1442 947 1529 Ego
962 1444 994 1508 in
1011 1445 1228 1530 Chrysogono,
1245 1446 1330 1531 quod
1345 1447 1386 1510 ad
1401 1467 1453 1510 me

249 1541 377 1619 attinet,
394 1540 472 1604 nihil
492 1540 649 1624 ejusmodi
668 1539 832 1624 suspicor:
856 1563 958 1626 neque
983 1541 1043 1605 h'oo
1065 1542 1142 1606 mihi
1163 1563 1246 1606 nunc
1265 1543 1400 1627 primum
1420 1542 1453 1606 iu

249 1647 388 1704 mentem
401 1637 615 1702 venitdicere.
661 1637 856 1702 Meministis
867 1659 918 1702 me
929 1638 977 1704 ita
987 1638 1185 1704 distribuisse
1197 1639 1288 1704 initio
1297 1661 1450 1716 caussam,

250 1737 283 1802 in
293 1736 413 1801 crimen
427 1735 520 1819 cujus
534 1743 607 1800 tota
625 1736 863 1822 argumentatio
882 1735 1034 1821 permissa
1050 1735 1168 1800 Erucio
1183 1745 1243 1815 est,
1260 1744 1294 1802 et
1309 1738 1342 1802 in
1356 1736 1453 1802 auda·

249 1833 333 1898 ciam
360 1834 451 1917 cujus
478 1840 588 1918 partes
617 1831 742 1898 Rosciis
770 1833 938 1918 impositae
964 1841 1050 1898 sunt.
1107 1833 1267 1920 Quidquid
1295 1835 1450 1914 maleficii,

250 1930 386 2008 sceleris,
399 1931 506 1996 caedis
520 1931 591 2009 erit,
608 1930 770 2016 proprium
786 1930 819 1993 id
834 1929 1023 1996 Rosciorum
1043 1951 1113 1996 esse
1128 1931 1268 1998 debebit.
1314 1931 1453 1996 Nimiam

248 2029 384 2116 gratiam
399 2028 636 2114 potentiamque
655 2028 853 2113 Chrysogoni
873 2028 1007 2092 dicimus
1021 2035 1056 2094 ct
1076 2029 1169 2094 nohis
1191 2030 1320 2094 obstare
1335 2037 1370 2094 et
1384 2051 1452 2114 per-

249 2127 323 2192 ferri
337 2127 423 2192 nullo
442 2127 538 2192 ruodo
557 2147 660 2211 posse,
676 2133 744 2192 eta
764 2125 863 2202 vobis,
879 2125 1030 2210 quoniam
1051 2133 1196 2211 potestas
1216 2127 1293 2195 data
1312 2133 1372 2204 est,
1388 2147 1453 2190 non

248 2227 342 2292 modo
357 2226 516 2303 infirmari,
528 2247 638 2290 verum
652 2226 749 2292 etiam
763 2225 915 2290 vindicari
931 2235 1088 2310 oportere.
1133 2225 1208 2310 Ego
1222 2226 1268 2290 sic
1284 2225 1450 2291 existimo:

249 2325 302 2410 qui
317 2324 426 2410 quaeri
440 2325 516 2390 velit
530 2346 570 2388 ex
585 2323 623 2388 iis
642 2345 723 2409 quos
745 2329 875 2388 constat
894 2345 992 2407 quum
1006 2324 1121 2388 caedes
1137 2323 1225 2388 lacta
1248 2323 1291 2388 sit
1314 2323 1450 2400 affuisse,

249 2447 321 2488 eum
344 2445 460 2508 cupere
484 2443 593 2486 verum
618 2422 779 2496 invenire;
803 2421 858 2507 qui
883 2427 1020 2498 recuset,
1047 2442 1120 2486 eum
1145 2421 1299 2506 proiecto,
1322 2421 1453 2488 tametsi

248 2522 344 2586 verbo
359 2542 423 2585 non
436 2521 565 2597 audeat,
580 2526 688 2584 umen
708 2541 743 2583 re
764 2518 834 2603 ipsa
854 2518 895 2582 de
919 2517 1076 2584 maleficio
1096 2539 1153 2584 suo
1174 2517 1329 2584 confiteri.
1375 2517 1453 2582 Dixi

248 2617 348 2697 initio,
362 2618 496 2705 judices,
507 2617 590 2681 nolle
604 2637 656 2681 me
671 2617 760 2701 plura
774 2616 814 2681 de
829 2615 962 2681 istorum
977 2615 1095 2681 scelere
1110 2615 1215 2681 dicere
1232 2637 1326 2701 quam
1341 2637 1454 2681 caussa

247 2718 426 2804 postularet
449 2738 488 2781 ac
511 2715 686 2779 necessitas
704 2714 773 2799 ipsa
795 2722 935 2801 cogeret.
981 2714 1063 2779 Nam
1085 2722 1120 2781 et
1139 2714 1259 2781 multae
1274 2736 1326 2781 res
1347 2716 1453 2781 all'erri

248 2822 385 2899 possunt
400 2820 433 2877 et
451 2833 658 2896 unaquaeque
676 2832 785 2875 earum
804 2811 914 2875 multis
934 2832 1005 2874 cum
1025 2812 1223 2897 argumentis
1246 2812 1309 2877 dici
1333 2820 1452 2898 potest.

250 2910 374 2975 Verum
388 2932 450 2995 ego
464 2910 550 2994 quod
569 2908 689 2973 invitus
707 2930 746 2972 ac
768 2908 947 2973 necessario
969 2908 1060 2987 lacio,
1077 2932 1180 2995 neque
1197 2910 1252 2975 din
1267 2932 1369 2997 neque
1384 2911 1452 2975 dili·

246 3014 363 3095 genter
385 3008 489 3071 iaeere
513 3028 653 3093 possam.
698 3005 788 3087 Quae
813 3006 978 3089 praeteriri
1004 3006 1088 3073 nullo
1112 3009 1207 3073 modo
1230 3016 1389 3094 poterant,
1414 3030 1453 3073 ea

246 3105 369 3183 leviter,
381 3104 516 3190 judices,
531 3103 645 3189 attigi:
669 3124 750 3188 quae
764 3102 870 3188 posita
884 3110 960 3169 sunt
975 3104 1007 3167 in
1022 3105 1265 3191 suspicionibus,
1283 3106 1322 3169 de
1337 3106 1452 3191 quibus

247 3205 275 3269 si
291 3226 425 3290 coepero
440 3204 552 3281 dicere,
565 3201 708 3287 pluribus
719 3201 824 3267 verbis
838 3200 883 3266 sit
895 3200 1122 3283 disserendum,
1135 3224 1174 3269 ea
1189 3203 1304 3269 vestris
1319 3203 1453 3290 ingeniis

248 3303 512 3386 conjecturasque
526 3299 703 3365 committo.

291 3398 428 3464 XLlll.
453 3398 558 3463 Venio
572 3420 657 3463 nunc
671 3398 712 3462 ad
727 3396 803 3461 illud
818 3418 933 3462 nomen
948 3418 1079 3463 aureum
1092 3396 1301 3485 Chrysogoni,
1315 3400 1373 3465 sub
1388 3421 1452 3485 quo

247 3497 372 3563 nomine
381 3504 453 3562 tota
463 3496 600 3563 societas
608 3496 779 3561 statuitur:
797 3495 837 3559 de
845 3516 918 3581 quo,
926 3494 1058 3580 judices,
1070 3518 1171 3581 nequo
1183 3497 1340 3583 quomodo
1349 3496 1453 3563 dicam

246 3617 350 3680 neque
360 3594 517 3680 quomodo
529 3602 655 3658 taceam
669 3592 807 3678 reperire
827 3613 968 3677 possum.
1014 3593 1049 3657 Si
1064 3593 1149 3657 enim
1164 3601 1268 3671 taceo,
1285 3594 1333 3659 vel
1353 3594 1451 3659 mari-

247 3716 332 3757 mam
347 3701 469 3777 partem
485 3692 645 3777 relinquo:
669 3691 720 3756 sin
739 3696 848 3754 autem
868 3690 949 3769 dico,
966 3712 1077 3761 vereor
1091 3714 1130 3757 ne
1151 3715 1215 3757 non
1238 3692 1289 3757 ille
1307 3692 1403 3768 solus,
1419 3692 1452 3755 id

248 3791 333 3876 quod
347 3792 388 3853 ad
402 3813 453 3855 me
468 3790 545 3853 nihil
566 3789 695 3861 attinet,
711 3788 768 3852 sed
782 3786 835 3851 alii
855 3808 981 3873 quoque
1003 3787 1110 3873 plures
1129 3789 1233 3853 laesos
1256 3811 1291 3853 se
1310 3810 1380 3853 esse
1395 3810 1451 3872 pu-

247 3895 327 3953 tent.
373 3887 515 3951 Tametsi
539 3888 586 3951 ita
607 3908 643 3950 se
666 3908 719 3949 res
744 3884 843 3947 habet
865 3890 904 3947 ut
925 3882 1002 3945 mihi
1028 3884 1061 3947 in
1081 3906 1280 3950 communem
1305 3904 1451 3948 caussam

246 3993 406 4050 sectorum
418 3984 585 4048 dicendum
599 3982 676 4047 nihil
686 4003 804 4067 magno
819 4001 916 4065 opere
931 3978 1086 4045 videatur.
1133 3982 1224 4045 Haec
1240 3980 1324 4045 enim
1338 4000 1452 4043 caussa

246 4104 328 4147 nova
342 4082 486 4168 proiecto
505 4086 540 4144 et
556 4078 727 4163 singularis
750 4086 810 4142 est.
855 4076 1016 4141 Bonorum
1039 4076 1114 4143 Sex.
1132 4077 1241 4141 Roscii
1257 4084 1382 4163 emptor
1401 4084 1452 4141 est

248 4180 484 4266 Chrysogonus.
540 4175 684 4239 Primum
714 4176 775 4239 hoc
804 4174 987 4251 videamus3
1022 4176 1091 4259 ejus
1120 4176 1257 4242 hominis
1281 4176 1364 4239 bona
1387 4197 1451 4259 qua

245 4279 370 4344 ratione
384 4274 551 4339 venierunt
565 4280 624 4336 aut
643 4272 802 4357 quomodo
816 4273 923 4336 venire
943 4276 1138 4357 potuerunt?
1182 4273 1291 4359 Atque
1306 4273 1367 4336 hoc
1387 4295 1450 4337 non

245 4376 292 4441 ila
307 4396 466 4462 quaeram,
479 4370 613 4457 judices,
629 4377 665 4433 ut
679 4369 713 4431 id
727 4368 831 4432 dicam
846 4391 916 4433 esse
932 4370 1103 4454 indiguum,
1121 4370 1257 4435 hominis
1272 4370 1451 4436 innocentis

245 4474 330 4538 hona
342 4472 476 4537 venisse.
520 4469 556 4535 Si
570 4467 655 4533 enim
673 4466 753 4531 haec
772 4464 943 4531 audientur
960 4488 998 4530 ac
1019 4466 1116 4532 libere
1134 4468 1288 4549 dicentur,
1305 4490 1369 4533 non
1388 4468 1449 4535 luit
