3517 5325
316 451 383 522 sos
642 453 778 522 CRAT.
802 453 893 522 PRO
916 454 959 522 A.
983 453 1190 523 CAECINA

316 628 408 696 stulti
422 628 507 694 inter
520 626 613 704 viros,
629 626 713 694 inter
726 625 873 693 mulieres
896 627 992 714 periti
1010 627 1094 714 juris
1117 636 1151 693 et
1174 627 1286 708 callidi,
1313 628 1395 694 hauc
1413 650 1524 715 perso-

316 752 391 794 nam
412 727 565 812 imponite
590 726 753 801 Aebuti03
787 727 815 790 is
836 727 922 790 enim
949 728 1143 792 Caesenniae
1165 726 1228 792 init
1254 727 1423 792 Aebutius.
1471 727 1523 792 Ne

316 829 400 892 forte
425 825 595 911 quaeratis,
620 847 696 888 num
721 824 939 910 propinquus?
961 827 1039 890 nihil
1064 825 1207 890 alienius.
1264 825 1401 889 Amicus
1423 833 1481 890 aut
1501 849 1523 889 a

315 934 407 1012 patre
432 932 489 988 aut
513 946 534 986 a
558 923 626 987 viro
650 923 811 987 traditus?
833 923 910 986 nihil
937 925 1051 988 minus.
1109 923 1187 1004 Quis
1213 923 1334 1008 igitur!
1368 923 1431 998 ille,
1457 923 1519 1002 ille,

303 1045 411 1110 ‘quem
425 1044 522 1108 supra
543 1020 726 1098 deformavi,
750 1021 947 1086 voluntarius
961 1022 1081 1086 amicus
1096 1021 1245 1096 mulieris,
1261 1043 1326 1084 non
1348 1021 1521 1086 necessitu-

316 1125 390 1188 dine
418 1122 533 1208 aliqua,
563 1123 621 1186 sed
649 1121 725 1186 ficto
754 1120 858 1184 officio
884 1120 1094 1206 simulataque
1123 1121 1296 1186 sedulitate
1319 1122 1520 1206 conjunctus,

315 1221 418 1308 magis
433 1226 613 1305 opportuna
627 1241 726 1304 opera
739 1239 976 1303 nonnumquam
991 1240 1086 1304 quam
1099 1218 1267 1304 aliquando
1282 1219 1378 1284 fideli.
1417 1218 1523 1300 Quum

316 1325 412 1396 esset,
437 1324 476 1381 ut
494 1317 598 1381 dicere
622 1316 831 1394 institueram,
857 1315 1036 1381 constituta
1057 1317 1165 1381 auctio
1187 1317 1317 1396 Romae,
1342 1318 1523 1382 suadebant

315 1415 409 1480 amici
424 1415 615 1501 cognatique
631 1414 833 1493 Caesenniae,
849 1414 883 1478 id
906 1415 992 1499 quod
1012 1413 1072 1500 ipsi
1088 1436 1213 1500 quoque
1236 1414 1359 1478 mulieri
1374 1415 1522 1479 veniebat

315 1514 349 1578 in
370 1521 510 1578 mentem
533 1513 681 1599 quoniam
710 1520 856 1599 potestas
878 1519 965 1577 esset
994 1513 1118 1576 emendi
1143 1513 1277 1577 fundum
1300 1513 1388 1576 illum
1412 1512 1523 1577 Fulci-

315 1611 455 1691 nianum,
472 1611 525 1697 qui
541 1611 638 1674 fundo
653 1611 724 1695 ejus
745 1611 879 1696 antiquo
903 1611 1070 1676 continens
1094 1617 1190 1688 esset,
1206 1610 1325 1674 nullam
1339 1633 1410 1675 esse
1424 1611 1522 1676 ratio-

315 1734 389 1775 nem
403 1710 552 1774 amittere
566 1709 723 1793 ejusmodi
738 1709 948 1788 occasionem,
968 1730 1065 1794 quum
1079 1708 1108 1773 ei
1123 1710 1313 1792 praesertim
1331 1711 1466 1794 pecunia
1480 1731 1522 1773 ex

315 1808 489 1895 partitione
503 1807 690 1883 deberetur;
716 1828 872 1892 nusquam
887 1827 980 1892 posse
995 1827 1066 1870 eam
1077 1806 1190 1871 melius
1201 1807 1358 1872 collocari.
1406 1807 1522 1893 Itaque

316 1907 378 1970 hoc
399 1906 510 1969 mulier
531 1905 636 1968 facere
658 1904 847 1970 constituit:
872 1905 1004 1970 mandat
1026 1905 1216 1970 utiendum
1238 1905 1298 1970 sibi
1320 1913 1415 1972 emat.
1462 1907 1522 1972 Cui

315 2004 467 2069 tandemi
488 2001 539 2066 cui
554 2001 699 2088 putatisi
731 2004 785 2066 An
800 2025 863 2066 non
878 2003 912 2066 in
926 2010 1065 2067 mentem
1075 2003 1165 2068 vobis
1175 2003 1261 2067 venit
1277 2005 1424 2069 omnibus
1438 2005 1521 2069 illius

316 2103 377 2166 boc
390 2123 506 2165 munus
517 2123 588 2166 esse
597 2100 639 2164 ad
650 2101 755 2165 omnia
764 2102 906 2166 mulieris
917 2102 1048 2188 negotia
1059 2101 1173 2188 parati,
1187 2101 1255 2166 sine
1270 2125 1333 2189 quo
1348 2103 1426 2167 nihil
1442 2103 1521 2168 satis

316 2206 418 2276 caute,
435 2199 512 2262 nihil
526 2198 606 2262 satis
620 2198 734 2263 callide
748 2209 858 2284 posset
871 2201 945 2286 agii
983 2201 1085 2264 Recte
1099 2200 1279 2265 attenditis.
1326 2200 1388 2264 VI.
1412 2201 1520 2265 Aebu-

315 2297 362 2362 tio
377 2297 541 2384 negotium
556 2297 660 2362 datur.
705 2293 812 2362 Adest
831 2300 873 2363 ad
894 2298 1058 2370 tabulam
1083 2297 1196 2362 licetur
1211 2298 1392 2372 Aebutius3
1417 2299 1520 2364 deter-

315 2405 427 2461 rentur
458 2404 618 2481 emptores
647 2395 747 2471 multi,
771 2396 891 2482 partim
915 2396 1022 2481 gratia
1048 2395 1251 2474 Caesenniae,
1279 2396 1394 2482 partim
1423 2397 1521 2460 etiam

267 2525 270 2528 >
314 2495 428 2580 pretio.
475 2493 609 2557 Fundus
622 2493 780 2559 addicitur
796 2494 959 2560 Aebutio:
984 2493 1152 2579 pecuniam
1165 2494 1346 2580 argentario
1361 2493 1521 2580 promittit

316 2594 499 2658 Aebutius:
524 2615 587 2679 quo
613 2592 796 2658 testimonio
822 2615 907 2658 nunc
932 2592 980 2656 vir
1004 2592 1144 2679 optimus
1168 2593 1270 2658 utitur
1292 2592 1354 2657 sibi
1379 2600 1521 2679 emptum

315 2713 405 2765 esse;
431 2691 521 2777 quasi
536 2712 611 2755 vero
626 2697 683 2754 aut
701 2713 760 2755 nos
781 2691 810 2755 ei
832 2712 985 2776 negemus
1008 2690 1181 2769 addictum,
1198 2698 1255 2755 aut
1269 2698 1339 2756 tum
1354 2691 1520 2777 quisquam

314 2790 412 2855 inerit
429 2790 484 2876 qui
506 2788 668 2854 dubitaret
691 2789 767 2875 quin
791 2798 949 2855 emeretur
964 2789 1178 2865 Caesenniae;
1204 2812 1302 2874 quum
1323 2788 1356 2853 id
1379 2788 1520 2875 plerique

314 2891 444 2965 scirent,
461 2912 570 2953 omnes
583 2890 650 2953 iere
665 2888 839 2966 audissent,
856 2888 889 2950 hi
905 2888 1091 2973 conjectura
1114 2888 1242 2973 assequi
1263 2895 1405 2974 possent,
1422 2908 1521 2974 quum

314 2989 449 3073 pecunia
464 2988 658 3053 Caesenniae
673 3009 712 3051 ex
727 2986 780 3051 illa
794 2985 974 3051 hereditate
989 2987 1166 3067 deberetur,
1184 3009 1255 3050 eam
1274 3009 1369 3072 porro
1384 2986 1416 3051 in
1432 3008 1522 3071 prae-

315 3086 376 3151 diis
391 3086 540 3150 collocari
555 3084 691 3149 maxime
706 3084 880 3170 expediret,
897 3092 1005 3149 essent
1019 3091 1128 3149 autem
1145 3084 1284 3170 praedia,
1302 3107 1383 3171 quae
1398 3084 1521 3148 mulieri

315 3184 453 3248 maxime
468 3182 681 3257 convenirent,
698 3204 736 3246 ea
750 3181 903 3259 venirent,
917 3180 1064 3245 liceretur
1078 3180 1116 3260 is,
1131 3203 1226 3268 quem
1236 3181 1427 3265 Caesenniae
1442 3182 1520 3245 dare

316 3304 444 3369 operam
459 3304 552 3345 nemo
576 3281 754 3355 miraretur,
769 3280 831 3343 sibi
854 3301 960 3345 emere
982 3303 1075 3345 nemo
1098 3289 1210 3365 posset
1232 3282 1398 3367 suspicari.
1445 3280 1521 3345 Hac

316 3380 475 3463 emptione
498 3380 593 3456 iacta,
610 3378 743 3463 pecunia
764 3377 896 3443 solvitur
910 3401 930 3445 a
946 3375 1143 3453 Caesennia;
1168 3379 1260 3464 cujus
1280 3378 1325 3442 rei
1345 3384 1442 3464 putat
1457 3377 1520 3443 iste

317 3574 679 3637 Panaeonciuadregim:
689 3573 752 3622 M.
769 3574 902 3623 Baiterhas
936 3576 1011 3639 Regia
1021 3576 1094 3626 iatbs
1106 3577 1201 3626 Roman
1211 3577 1356 3641 expression.

316 3642 468 3693 ‘conuitiad
480 3640 602 3703 Bagienni
614 3640 662 3688 and
675 3640 903 3701 Kellerbssagood
968 3658 983 3689 a
1004 3644 1057 3690 viro
1077 3642 1220 3704 traditati]
1251 3642 1414 3691 ‘introduced
1433 3656 1461 3689 or
1482 3656 1519 3689 rs·

315 3713 374 3756 note
385 3722 417 3755 on
431 3708 474 3755 the
488 3720 594 3768 passage.
627 3704 757 3752 ‘Conritus
767 3704 798 3751 ad
808 3704 900 3752 rixsm'
934 3706 1107 3755 commended!
1160 3706 1246 3769 Comp.
1268 3707 1360 3766 Cicero,
1386 3706 1425 3755 sd
1450 3706 1519 3755 ram.

316 3788 371 3835 may
379 3772 410 3819 bs
421 3772 501 3828 latin,
512 3770 606 3830 though
613 3770 633 3816 it
641 3769 698 3816 does
708 3774 752 3816 not
762 3783 833 3818 occur
841 3769 901 3816 also-
934 3771 974 3819 vii.
991 3774 1021 3819 t:
1042 3774 1058 3799 ‘⁸
1067 3776 1146 3819 totum
1163 3771 1268 3834 deniqne
1284 3772 1407 3820 hominem
1421 3770 1467 3819 tibi
1485 3772 1521 3820 ita

271 3868 276 3875 ·
316 3839 396 3886 where
408 3838 435 3885 in
451 3836 542 3884 Cicero.
576 3834 729 3883 ‘contritus'
744 3834 765 3881 is
781 3834 835 3882 well
850 3834 902 3881 said
934 3836 1003 3884 bado
1014 3834 1044 3883 de
1055 3852 1136 3894 manu,
1148 3842 1176 3883 ut
1186 3834 1281 3884 aiunt.”

316 3903 344 3951 of
356 3917 371 3949 s
385 3917 442 3949 man
456 3900 511 3947 erbo
521 3900 542 3947 is
552 3899 670 3961 practised
685 3898 733 3946 aad
744 3897 864 3947 hardeued
875 3900 901 3946 in
966 3904 990 3948 t.
1007 3900 1145 3962 addicitur]
1171 3900 1215 3949 See
1237 3900 1293 3949 Vol.
1315 3900 1337 3949 1.
1357 3900 1426 3949 Verr.
1449 3900 1474 3947 ii.
1494 3903 1519 3949 2.

316 3966 417 4027 athing,
432 3980 459 4012 ss
472 3964 556 4012 Cicero
571 3962 622 4026 (De
638 3963 681 4011 Or.
693 3963 710 4010 i.
721 3962 779 4026 ts)=
800 3968 816 3991 ‘⁶
826 3978 902 4026 quum
934 3980 955 4012 c.
966 3966 1048 4013 32.—‘
1056 3965 1204 4026 argentarius
1212 3963 1228 4013 ι’
1245 3965 1276 4013 he
1290 3980 1339 4013 was
1353 3964 1479 4027 employed
1493 3964 1520 4012 iu

315 4032 342 4079 iu
353 4030 443 4077 cauam
453 4034 479 4075 st
489 4028 514 4075 in
528 4028 629 4089 negotiis
642 4033 668 4074 et
681 4028 707 4075 in
724 4028 777 4075 foro
791 4033 901 4076 eonten-
934 4030 995 4077 sales
1014 4032 1041 4076 io
1058 4030 1149 4077 receive
1168 4030 1210 4077 ibe
1225 4044 1321 4091 money,
1338 4028 1386 4077 aad
1403 4030 1429 4076 in
1445 4044 1520 4091 many
1556 4040 1558 4043 ·

316 4093 398 4144 mur.”
430 4094 466 4141 Aa
476 4098 503 4141 to
514 4093 557 4141 the
573 4092 616 4140 ‘in
629 4090 746 4153 Regiam
764 4092 846 4140 Keller
856 4092 901 4141 ob·
933 4093 1004 4141 other
1020 4098 1118 4142 matters
1135 4094 1164 4142 oi
1177 4094 1287 4143 business
1303 4094 1397 4158 (Gaius,
1410 4094 1442 4141 ir.
1456 4094 1517 4152 12⁶3

317 4174 396 4209 servm
406 4159 461 4205 that
471 4158 492 4206 it
501 4158 523 4204 is
533 4162 578 4205 not
587 4156 726 4204 mentioned
735 4156 768 4218 by
779 4156 863 4206 Cicero
873 4172 902 4205 or
935 4158 982 4207 Pro
994 4157 1021 4205 Ρ.
1034 4158 1143 4217 Quintio,
1155 4174 1176 4207 c.
1188 4158 1224 4223 6).

316 4224 350 4287 by
360 4240 407 4285 any
418 4222 488 4270 other
498 4223 578 4269 writer
591 4221 620 4270 oi
630 4222 685 4269 ibat
698 4236 750 4282 age,
762 4222 831 4269 vbsn
841 4222 901 4283 thoy
966 4224 992 4269 bi
1003 4223 1155 4285 conjectura]
1176 4226 1233 4286 ‘qui
1243 4238 1292 4272 noa
1303 4222 1449 4279 auderetis
1460 4236 1518 4269 oon-

316 4288 483 4351 arespeaking
498 4286 527 4335 oi
541 4292 641 4335 matters
653 4286 732 4334 which
747 4301 788 4335 are
802 4286 901 4335 donein
931 4286 1024 4348 iectura
1041 4289 1135 4350 assequi
1157 4286 1257 4351 posset!
1285 4288 1375 4335 Baiter.
1416 4286 1476 4335 This
1498 4286 1519 4337 is

316 4354 359 4402 the
370 4352 468 4400 Forum
933 4366 980 4399 ons
990 4351 1019 4399 oi
1026 4352 1068 4399 the
1079 4353 1227 4413 coniectnes
1237 4368 1269 4401 on
1280 4352 1330 4400 tbis
1341 4366 1447 4414 passage.
1465 4350 1519 4399 'I'be

349 4417 434 4465 Keller
444 4415 519 4464 rsiers
534 4420 561 4463 to
576 4415 696 4472 Plutarch.
714 4415 804 4474 Numa,
818 4418 897 4473 e143
931 4416 1047 4478 diffiousty
1060 4418 1162 4465 wnsists
1184 4418 1209 4465 in
1232 4417 1324 4478 finding
1342 4420 1386 4464 out
1403 4416 1458 4463 who
1477 4430 1519 4463 ars

315 4480 597 4543 maroialensis:
610 4482 659 4529 aad
677 4479 786 4529 Basilica.
818 4480 899 4528 Thoas
931 4480 1055 4543 msantby
1073 4480 1518 4543 ‘hi'rrbichnordisprobsblpcer-

316 4548 371 4597 who
382 4546 458 4594 admit
472 4546 515 4594 the
530 4546 628 4607 reading
645 4544 692 4593 ‘sd
708 4544 823 4606 aegim'
841 4559 898 4606 sup·
930 4545 1034 4607 ruptedg
1051 4560 1079 4593 or
1089 4547 1109 4594 it
1116 4561 1200 4596 msam
1211 4552 1293 4596 ‘some
1304 4544 1403 4605 others,’
1410 4544 1519 4608 opposed

316 4608 738 4676 posetbstaBsn'licaismeant,oi
745 4606 823 4656 which
833 4608 899 4657 word
930 4609 1142 4659 to‘omneesere.'
1578 4622 1581 4625 ·
