3517 5325
301 480 365 544 460
561 472 697 540 ORAT.
721 472 768 539 II.
792 472 855 538 DE
882 470 1005 536 LEGE
1029 470 1246 537 AGRARIA

301 646 555 734 progredientur,
579 645 684 729 juncti
706 666 815 709 secum
840 645 991 709 ferentur.
1037 643 1213 730 Singularis
1233 644 1327 707 homo
1351 643 1507 729 privatus,

302 746 364 809 nisi
392 765 509 828 magna
536 742 692 827 sapientia
720 741 889 827 praeditus,
922 740 975 804 vix
997 740 1088 804 facile
1111 762 1181 804 sese
1204 741 1386 826 regionibus
1411 743 1508 806 officii

302 844 427 928 magnis
441 843 474 906 in
489 842 625 906 fortunis
640 855 674 905 et
688 841 786 926 copiis
801 841 963 915 continet;
989 840 1106 903 nedum
1127 840 1182 903 isti
1202 840 1243 903 ab
1261 840 1354 903 Rullo
1370 851 1404 904 et
1421 840 1508 904 Rulli

302 942 458 1005 similibus
473 938 641 1024 conquisiti
660 946 758 1024 atque
780 938 873 1002 electi
896 937 1007 1015 coloni,
1034 937 1161 1022 Capuae
1177 936 1209 999 in
1225 937 1381 1001 domicilio
1397 960 1507 1021 super-

303 1040 375 1103 biae
398 1048 495 1125 atque
521 1039 553 1101 in
577 1038 705 1101 sedibus
728 1036 871 1100 luxuriae
895 1035 1051 1111 collocati,
1077 1058 1141 1099 non
1165 1035 1275 1099 statim
1297 1034 1506 1120 conquisituri

303 1139 368 1201 sint
381 1138 500 1223 aliquid
515 1135 643 1200 sceleris
658 1142 692 1198 ct
706 1134 830 1218 flagitii.
877 1133 980 1197 Immo
995 1155 1068 1196 vero
1091 1134 1188 1198 etiam
1209 1134 1270 1198 hoc
1293 1134 1395 1219 magis
1411 1156 1506 1218 quam

303 1236 348 1300 illi
363 1244 487 1300 veteres
501 1234 706 1321 gemianique
722 1230 884 1317 Campani,
901 1230 986 1316 quod
1008 1231 1040 1294 in
1055 1238 1160 1295 vetere
1178 1232 1307 1295 fortuna
1327 1232 1396 1294 illos
1412 1240 1505 1294 natos

303 1342 338 1399 et
353 1334 507 1397 educatos
521 1331 634 1395 nimiae
656 1338 765 1395 wmen
785 1352 893 1394 rerum
916 1329 1055 1393 omnium
1078 1330 1187 1413 copiae
1209 1330 1447 1415 depravabant,
1474 1328 1506 1391 hi

304 1452 347 1495 ex
372 1453 496 1495 summa
518 1437 664 1517 egestate
689 1428 723 1491 in
746 1428 879 1491 eandem
901 1449 1007 1490 rerum
1032 1427 1259 1491 abundantiam
1278 1426 1418 1492 traducti
1442 1448 1506 1491 non

304 1530 406 1593 solum
421 1528 514 1614 copia
528 1549 638 1591 verum
653 1525 750 1591 etiam
764 1524 933 1589 insolentia
947 1524 1238 1590 commovebuntur.

350 1723 530 1788 XXXVI.
555 1722 646 1787 Haec
670 1730 717 1798 tu,
742 1721 781 1785 P.
798 1722 899 1801 Rulle,
924 1720 972 1785 M.
989 1718 1081 1784 Bruti
1105 1720 1233 1785 sceleris
1254 1721 1389 1807 vestigia
1410 1743 1506 1808 quam

305 1830 509 1887 monumenta
529 1822 686 1905 majorum
707 1820 883 1905 sapientiae
906 1818 994 1903 sequi
1015 1817 1177 1883 maluisti:
1202 1819 1281 1883 haec
1295 1826 1332 1883 tu
1348 1842 1419 1883 cum
1434 1820 1507 1884 istis

304 1922 371 1985 tuis
384 1920 568 1983 auctoribus
582 1917 785 2003 excogitasti,
802 1925 839 1981 ιιι
853 1925 961 1981 vetera
977 1916 1143 2001 vectigalia
1164 1919 1183 1958 *
1206 1919 1225 1958 *
1251 1922 1269 1956 '
1284 1940 1322 1981 ea
1337 1918 1507 2002 exploretis

305 2039 387 2081 novo
409 2020 429 2057 ⁴¹
451 2018 470 2057 ¹
494 2018 514 2057 ¹
536 2015 607 2077 urbi
629 2015 669 2076 ad
691 2022 853 2077 certamen
876 2014 1044 2099 dignitatis
1065 2014 1283 2098 opponeretis:
1309 2022 1346 2079 ut
1364 2017 1422 2079 sub
1439 2038 1506 2080 ves·

305 2214 422 2278 liberos
444 2210 586 2297 populos,
609 2231 711 2294 reges,
734 2216 890 2273 terrarum
914 2209 1050 2293 denique
1070 2210 1177 2273 orbem
1193 2211 1447 2296 subjungeretist
1470 2218 1507 2276 ιιι

305 2334 404 2397 quum
425 2330 549 2373 omnem
572 2306 738 2392 pecuniam
760 2328 800 2370 ex
821 2306 944 2370 aerario
970 2306 1206 2383 exhausissetis,
1234 2330 1274 2371 ex
1300 2310 1507 2394 vectigalibus

306 2407 520 2492 redegissetis,
535 2407 576 2469 ab
592 2404 738 2469 omuibus
752 2404 892 2490 regibus,
903 2404 1062 2489 gentibus,
1072 2404 1113 2467 ab
1126 2404 1371 2489 imperatoribus
1387 2406 1506 2472 nostris

306 2507 502 2591 coegissetis,
527 2512 635 2568 tamen
660 2524 771 2567 omnes
793 2502 884 2566 vobis
907 2501 1057 2587 pecunias
1076 2502 1117 2564 ad
1142 2511 1255 2565 nutum
1271 2512 1411 2568 vestrum
1431 2526 1506 2589 pen-

306 2605 437 2669 derent:
461 2611 499 2669 ut
520 2603 615 2666 iidem
638 2601 754 2688 partim
775 2600 947 2664 invidiosos
966 2620 1062 2686 agros
1076 2620 1096 2662 a
1112 2599 1249 2664 Sullanis
1264 2603 1505 2685 possessoribus,

306 2703 424 2789 partim
453 2703 597 2765 desertos
620 2723 659 2764 ac
685 2700 871 2785 pestilentes
900 2721 921 2762 a
950 2698 1063 2761 vestris
1093 2699 1278 2763 necessariis
1303 2707 1337 2765 et
1362 2722 1382 2762 a
1403 2700 1506 2764 vobis-

306 2799 451 2885 metipsis
474 2805 607 2883 emptos,
635 2797 745 2882 quanti
768 2796 891 2860 velletis
914 2794 1030 2880 populo
1056 2793 1200 2859 Romano
1226 2795 1436 2860 induceretis:
1470 2805 1507 2861 ut

305 2896 414 2960 omnia
433 2894 604 2979 municipia
625 2895 827 2979 coloniasque
844 2892 957 2957 ltaliae
978 2889 1069 2954 novis
1091 2892 1210 2956 colonis
1228 2896 1444 2980 occuparetis:
1469 2903 1506 2959 ιιι

306 2995 555 3080 quibuscumque
578 2993 610 3054 in
633 2991 711 3054 locis
736 2991 825 3054 vobis
853 2990 1013 3053 videretur
1038 3011 1076 3053 ac
1101 3012 1196 3074 quam
1218 2993 1326 3056 multis
1349 2993 1507 3056 videretur

306 3093 446 3156 colonias
472 3089 690 3154 collocaretis:
719 3096 756 3152 ιιι
781 3110 906 3151 omnem
930 3109 996 3152 rem
1022 3087 1179 3172 publicam
1205 3090 1320 3153 vestris
1341 3091 1504 3170 militibus,

307 3190 422 3253 vestris
442 3189 582 3262 urbibus,
600 3185 714 3249 vestris
736 3186 902 3270 praesidiis
918 3185 1088 3271 cingeretis
1103 3195 1199 3271 atque
1217 3209 1399 3272 oppressam
1418 3197 1506 3253 tene-

306 3287 403 3351 retis:
428 3295 466 3349 ut
481 3286 584 3368 ipsum
600 3284 658 3346 (ln.
676 3281 871 3365 Pompeium,
898 3285 990 3367 cujus
1005 3284 1160 3368 praesidio
1176 3285 1357 3368 saepissime
1372 3285 1506 3370 populus

307 3384 471 3446 Romanus
495 3389 608 3443 contra
634 3379 806 3442 acerrimos
828 3379 939 3444 hostes
962 3389 997 3446 et
1016 3390 1128 3446 eontra
1149 3382 1398 3468 improbissimos
1422 3383 1506 3448 cives

309 3483 328 3517 *
352 3483 371 3520 ⁸
395 3480 415 3518 ⁵
437 3477 589 3541 victorem
609 3483 707 3561 atque
729 3476 841 3540 horum
863 3487 1038 3563 conspectu
1061 3479 1183 3564 privare
1199 3481 1354 3566 possetis:
1378 3489 1414 3545 ut
1430 3480 1507 3544 nihil

306 3649 429 3712 authority
455 3648 493 3697 tor
518 3648 546 3696 it.
589 3648 760 3699 'Venustatie'
782 3665 838 3713 may
858 3649 891 3699 be
922 3652 987 3699 isno
997 3652 1110 3700 evidence
1120 3653 1193 3700 olbis
1205 3653 1409 3702 ctimeiuCicero
1420 3657 1505 3716 except

306 3715 380 3777 right.
923 3717 961 3763 hie
982 3718 1146 3765 unsucceeslul
1168 3724 1279 3780 attempt.
1313 3719 1409 3775 Caesar,
1429 3734 1445 3767 a
1460 3719 1505 3765 lew

307 3778 674 3858 'progredientur-serentur]
684 3779 892 3872 'l'hieisthereed;
925 3796 993 3856 years
1003 3781 1071 3856 efter,
1084 3783 1212 3829 succeeded
1229 3784 1254 3829 iu
1270 3784 1403 3858 colonizing
1414 3783 1505 3858 Capua,

305 3843 889 3971 hulltltttttt.Atlltttit
921 3845 1507 3976 tl¹⁰ltt⁶..tl.ttttt⁰tttittbt‘,

307 3975 338 4022 lt.
350 3974 394 4021 has
411 3973 467 4034 only
485 3973 701 4035 ‘progrediuntur,'
724 3974 767 4021 the
783 3979 888 4036 present.
922 3974 959 4021 lor
970 3989 984 4020 u
995 3975 1061 4022 time.

304 4027 412 4086 ‘Baiter’s
430 4037 561 4098 radingis
579 4038 888 4099 Ιιιιοςιειιιειιιιιιιοιιςιιιι,
954 4039 1108 4101 sectoribus]
1144 4039 1316 4088 lauredauuse
1351 4037 1504 4096 ‘setoribns,’

305 4101 453 4150 atterentur!
493 4102 569 4149 Orelli
585 4102 734 4163 (comparing
746 4103 805 4164 Livy
816 4106 857 4150 40.
866 4117 888 4149 c.
921 4101 951 4149 E.
973 4103 999 4149 F.
1023 4103 1054 4150 G.
1076 4104 1107 4151 A.
1151 4103 1204 4151 'the
1226 4105 1303 4152 words
1320 4105 1382 4152 from
1397 4103 1458 4152 ‘ee'
1478 4109 1505 4150 to

307 4169 351 4223 49)
378 4167 422 4213 bas
446 4166 650 4228 ‘progredientun
685 4173 773 4214 cuneta
806 4181 888 4213 semum
922 4165 1219 4229 ‘novo’areeorrupt,or
1236 4171 1373 4230 something
1388 4167 1505 4216 hasbeen

307 4230 403 4277 terent!
437 4230 484 4278 We
496 4246 550 4291 may
560 4230 637 4277 doubt
647 4230 669 4276 it
682 4231 725 4277 the
736 4231 809 4278 tiss.
820 4230 888 4277 read·
921 4231 1031 4278 omitted.
1065 4233 1117 4279 The
1128 4234 1176 4294 city
1188 4233 1265 4280 which
1277 4235 1298 4281 ie
1313 4241 1337 4281 to
1354 4234 1384 4280 be
1398 4231 1505 4294 opposed

307 4294 350 4354 ing
363 4295 384 4340 is
395 4295 468 4356 right
500 4295 548 4340 We
559 4310 600 4341 ere
611 4295 701 4342 certain
716 4296 769 4342 thet
787 4293 888 4343 Baiteie
921 4300 947 4342 to
962 4297 1037 4343 Rome
1054 4296 1075 4342 is
1090 4297 1186 4358 Capua:
1205 4298 1251 4344 sud
1267 4313 1333 4346 some
1349 4299 1451 4345 editione
1467 4297 1505 4343 iu-

306 4359 406 4420 rcediug
416 4359 437 4405 is
448 4364 492 4404 not
503 4359 608 4406 Cicero’e
624 4364 684 4406 text.
925 4366 974 4407 sert
986 4360 1093 4420 Capuam
1105 4362 1166 4408 atter
1179 4369 1184 4388 ¹
1195 4361 1266 4409 urbi!

340 4423 380 4468 ³6.
397 4423 435 4469 M.
459 4424 534 4470 Bruti
555 4423 665 4484 sceleris]
686 4423 732 4470 His
754 4423 827 4470 οιὶιιιο
843 4438 892 4471 eree
957 4426 1085 4487 uictorem]
1104 4426 1196 4486 Ussing
1207 4431 1315 4488 suspects
1326 4426 1508 4473 thet‘usnsest

306 4483 790 4548 hieunsucoessfulettempttocoloniee
800 4488 891 4550 Capua,
925 4489 1042 4549 spoliero'
1065 4490 1108 4536 has
1126 4491 1197 4538 lellen
1217 4497 1260 4538 out
1284 4493 1389 4538 between
1413 4487 1507 4537 ‘dves'

306 4547 345 4596 tor
359 4548 668 4613 whiohheweepuniehed
684 4551 717 4615 (c.
728 4549 782 4614 81).
814 4552 893 4600 There
924 4553 972 4601 eud
995 4553 1140 4602 *ιιιιιιιιιιιιιν
1184 4554 1237 4603 'lhe
1258 4556 1336 4604 words
1357 4555 1393 4603 till
1414 4570 1448 4617 up
1467 4553 1510 4602 the
