3517 5325
336 465 377 528 64
646 460 781 527 ORAT.
806 458 898 526 PRO
929 459 1035 525 SEX.
1059 459 1225 525 ROSCIO

337 632 534 717 doceantque
543 630 679 718 eum'qui
688 632 734 697 vir
744 633 819 697 Sex.
830 630 968 695 Roscius
978 630 1074 695 luerit
1087 658 1097 705 ;
1108 637 1345 715 conquerantur
1355 632 1394 697 de
1403 632 1546 698 istorum

336 728 456 793 scelere
470 737 505 793 et
519 729 641 814 injuriis
653 756 662 803 ;
688 738 779 795 orent
794 737 832 795 ut
846 738 880 794 et
894 730 977 793 illius
991 729 1235 794 mortuilamam
1249 737 1284 794 et
1292 728 1347 793 tilii
1362 730 1546 795 innocentis

337 828 483 893 fortunas
498 836 703 893 conservatas
728 828 813 893 velit.
861 828 972 913 Atque
997 828 1099 913 ipsum
1124 828 1299 905 decretum,
1321 850 1447 913 quaeso,
1464 852 1545 915 cog·

337 926 468 991 noscite.
529 948 716 991 urrunnun
752 946 990 990 nucunrounn.
1051 926 1166 1011 Legati
1202 926 1236 988 in
1266 932 1374 989 castra
1397 926 1545 992 veniunt.

339 1022 542 1110 Intelligitur‚
563 1024 698 1109 judices,
725 1024 758 1087 id
783 1024 867 1109 quod
887 1023 956 1108 jam
974 1030 1051 1088 ante
1077 1023 1152 1099 dixi,
1177 1023 1379 1108 imprudente
1396 1023 1434 1088 L.
1451 1024 1545 1087 Sulla

337 1122 456 1186 scelera
469 1122 547 1203 haec
567 1128 600 1187 et
615 1121 738 1206 flagitia
759 1120 837 1185 lieri.
885 1121 969 1184 Nam
991 1121 1103 1185 statim
1127 1120 1353 1206 Chrysogonus
1367 1129 1402 1186 et
1416 1122 1485 1206 ipsc
1499 1124 1545 1186 ad

337 1220 531 1285 eossaocedit
545 1227 580 1286 et
590 1220 735 1285 homines
750 1220 871 1285 nobiles
886 1219 1004 1307 allegat
1018 1220 1057 1284 iis
1071 1220 1125 1305 qui
1140 1228 1288 1305 peterent
1303 1242 1343 1284 ne
1357 1222 1400 1285 ad
1417 1221 1543 1285 Sullam

336 1319 471 1397 adirent,
484 1324 518 1383 et
532 1319 637 1382 omnia
663 1318 905 1404 Chrysogonum
919 1340 1001 1403 quae
1016 1317 1132 1382 vellent
1146 1340 1217 1381 esse
1237 1318 1399 1382 facturum
1413 1319 1544 1403 pollice-

335 1424 456 1481 rentur.
502 1416 615 1502 Usque
638 1417 718 1481 adeo
741 1424 850 1481 autem
873 1416 925 1479 ille
943 1415 1152 1501 pertimuerat
1175 1421 1213 1479 ut
1226 1416 1306 1479 mori
1320 1416 1430 1481 mallet
1445 1438 1543 1502 quam

337 1515 377 1578 de
392 1514 442 1579 his
461 1516 556 1579 rebus
583 1514 704 1577 Sullam
729 1514 845 1577 doceri.
891 1512 1049 1576 Homines
1073 1512 1195 1598 antiqui
1219 1513 1272 1598 qui
1295 1536 1336 1577 ex
1350 1535 1410 1577 sua
1423 1521 1543 1578 natura

336 1622 460 1677 ceteros
474 1612 641 1697 lingerent,
657 1634 754 1697 quum
769 1611 820 1675 ille
836 1600 1039 1675 confirmaret
1052 1632 1123 1674 sese
1143 1632 1260 1674 nomen
1283 1611 1357 1675 Sex
1375 1611 1484 1675 Roscii
1500 1612 1542 1676 de

336 1710 455 1775 tabulis
466 1717 697 1795 exemptum,
713 1710 843 1795 praedia
857 1731 956 1774 vacua
969 1709 1034 1773 filio
1048 1709 1251 1785 traditurum,
1267 1731 1427 1795 quumque
1442 1710 1474 1773 id
1489 1710 1538 1774 ita

336 1808 478 1871 futurum
494 1806 531 1869 Τ.
548 1806 684 1871 Roscius
700 1807 823 1892 Capito,
851 1808 905 1893 qui
929 1807 963 1870 in
989 1807 1026 1869 X
1050 1806 1165 1893 legatis
1189 1814 1269 1884 erat,
1285 1806 1538 1892 appromitteret,

338 1905 562 1978 crediderunt;
599 1904 762 1968 Ameriam
785 1927 819 1968 re
843 1904 968 1969 inorata
992 1911 1203 1969 reverterunt.
1263 1903 1314 1967 Ac
1343 1904 1446 1988 primo
1471 1926 1541 1967 rem

338 2003 463 2068 differre
486 2002 629 2088 quotidie
653 2025 691 2067 ac
706 2002 939 2088 procrastinare
953 2002 1009 2066 isti
1023 2009 1215 2087 coeperunt;
1240 2002 1353 2066 deinde
1378 2002 1540 2087 aliquanto

337 2101 473 2174 lentius;
498 2100 575 2164 nihil
589 2122 694 2186 agere,
721 2108 816 2186 atque
840 2100 1006 2165 deludere:
1031 2106 1204 2185 postremo,
1229 2099 1262 2163 id
1277 2099 1362 2184 quod
1376 2100 1469 2163 facile
1492 2101 1542 2163 in-

337 2200 501 2264 tellectum
516 2206 575 2276 est,
597 2198 727 2263 insidias
742 2200 826 2263 vitae
841 2198 975 2283 hujusce
991 2198 1067 2261 Sex.
1090 2196 1199 2261 Roscii
1213 2218 1336 2281 parare,
1352 2219 1454 2283 neque
1469 2220 1541 2263 sese

337 2298 484 2363 arbitrari
499 2320 593 2383 posse
607 2297 728 2362 diutius
741 2296 875 2360 alienam
890 2296 1057 2381 pecuniam
1072 2296 1199 2359 domino
1221 2295 1369 2360 incolumi
1384 2298 1540 2363 obtinere.

339 2395 386 2460 X.
398 2397 490 2477 Quod
499 2397 526 2460 is
537 2396 629 2460 simul
640 2403 737 2480 atque
746 2394 856 2469 sensit,
867 2394 907 2457 de
915 2393 1089 2457 amicorum
1100 2400 1371 2479 cognatorumque
1380 2396 1542 2459 sententia

339 2494 474 2559 Romam
490 2494 634 2579 confugit
645 2503 678 2559 et
693 2514 763 2557 sese
774 2492 815 2556 ad
831 2490 1010 2570 Caeciliam,
1025 2490 1161 2575 Nepotis
1175 2491 1281 2569 liliam,
1298 2514 1394 2578 quam
1408 2492 1542 2557 honoris

338 2614 451 2658 caussa
459 2591 813 2677 nomino‚contulit,qua
822 2596 913 2676 pater
921 2612 998 2653 usus
1008 2597 1078 2653 erat
1085 2588 1267 2676 plurimnm3
1286 2590 1319 2653 in
1328 2612 1391 2676 qua
1398 2590 1539 2671 muliere,

335 2691 470 2776 judices
488 2691 585 2756 etiam
600 2712 694 2768 nunc,
718 2689 750 2753 id
770 2689 855 2774 quod
876 2709 986 2752 omnes
1011 2709 1137 2773 semper
1158 2688 1432 2766 existimaverunt,
1448 2690 1541 2774 quasi

338 2787 472 2874 exempli
489 2809 602 2852 caussa
615 2786 750 2872 vestigia
764 2785 886 2871 antiqui
901 2785 996 2849 officii
1011 2795 1184 2850 remanent
1230 2785 1281 2849 Ea
1297 2786 1372 2852 Sex.
1389 2786 1543 2850 Roscium

338 2885 472 2972 inopem,
495 2886 634 2971 ejectum
657 2885 750 2949 domo
773 2891 870 2970 atque
895 2883 1060 2968 expulsum
1084 2905 1126 2947 ex
1150 2884 1217 2948 suis
1241 2884 1341 2961 bonis
1365 2884 1542 2969 lugientem

312 3041 315 3048 .
338 2983 496 3048 latronum
521 2983 587 3047 tela
603 2989 637 3046 et
663 2983 766 3046 minas
791 2981 911 3066 recepit
933 2981 1070 3060 domum,
1097 2981 1278 3067 hospitique
1304 3004 1454 3067 oppresso
1471 2983 1542 3067 jam

339 3081 570 3167 desperatoque
584 3080 624 3144 ab
645 3080 789 3143 omnibus
805 3077 961 3164 opitulata
975 3086 1037 3143 est.
1082 3078 1164 3165 Ejus
1178 3079 1305 3159 virtute,
1321 3080 1394 3158 lide,
1410 3080 1542 3166 diligen-

339 3281 418 3329 These
428 3281 480 3328 Ten
491 3280 538 3328 and
547 3281 641 3329 Fisteen
651 3295 713 3328 were
721 3295 735 3327 a
743 3278 839 3328 smeller
849 3278 921 3341 body,
954 3277 1137 3343 promittant”).

340 3345 654 3406 choeenoutolthelarger,
666 3341 922 3407 bythe‘decuriones'
992 3345 1028 3393 10.
1046 3346 1150 3406 Nepotis
1158 3343 1255 3406 filiam]
1292 3343 1372 3392 Sheis
1388 3344 1464 3392 called
1480 3347 1541 3395 inc.

340 3409 489 3464 themselves,
506 3423 532 3456 us
549 3409 562 3457 1
578 3423 680 3466 assume,
699 3409 735 3456 lor
752 3409 794 3456 the
810 3423 923 3470 manm-
956 3408 1314 3466 toflcwulnssdariufiua,
1322 3409 1425 3471 Nepotis
1433 3411 1542 3458 sorore.’'

340 3477 408 3520 ment
418 3473 447 3520 ol
454 3472 571 3520 business.
954 3473 1034 3521 There
1049 3474 1078 3529 is,
1095 3473 1206 3536 perhaps,
1225 3488 1292 3521 some
1309 3489 1375 3522 error
1391 3475 1417 3522 in
1435 3475 1478 3522 the
1489 3481 1544 3524 text

373 3538 464 3597 allegat
474 3537 516 3598 tte]
543 3537 602 3585 This
613 3536 677 3585 word
689 3537 798 3584 contains
804 3537 847 3585 the
857 3553 923 3586 same
955 3539 1019 3585 here.
1052 3538 1188 3599 According
1198 3543 1225 3584 to
1235 3538 1278 3586 the
1294 3538 1363 3586 other
1378 3553 1486 3601 passage,
1498 3541 1544 3588 she

340 3608 395 3649 root
405 3615 432 3648 as
444 3601 553 3662 ‘legare'
566 3602 689 3663 ‘legatus'
701 3602 749 3649 aud
760 3602 780 3649 is
797 3602 922 3665 explained
955 3618 1003 3650 rras
1014 3602 1057 3650 the
1067 3602 1185 3664 daughter
1200 3602 1229 3650 oi
1242 3603 1273 3654 Q.
1291 3603 1409 3651 Caedlius
1425 3603 1543 3653 Metellus

340 3665 425 3726 hythe
441 3666 561 3728 exemplos
577 3668 604 3714 in
621 3666 755 3714 Forcellini.
789 3667 922 3728 ‘Allegare'
955 3667 1098 3723 Balearicus,
1115 3667 1162 3715 and
1179 3667 1221 3714 the
1238 3667 1309 3714 sister
1327 3667 1355 3714 of
1371 3668 1403 3720 Q.
1423 3668 1543 3718 Caecilim

339 3731 361 3778 is
371 3735 398 3779 to
414 3731 467 3792 give
485 3745 500 3777 a
519 3731 670 3779 commission
689 3735 715 3779 to
733 3745 839 3792 persons,
856 3737 921 3779 orto
954 3732 1068 3780 Metellus
1078 3732 1170 3793 Nepos.
1203 3731 1253 3779 But
1262 3732 1333 3779 ithus
1343 3731 1404 3780 been
1415 3735 1544 3794 suggested

340 3795 400 3843 send
410 3795 476 3844 them
488 3797 634 3843 somewhere
643 3795 700 3843 with
711 3796 886 3844 scammission
896 3811 924 3844 or
956 3797 1010 3843 that
1021 3797 1124 3844 Caecilia
1133 3811 1182 3843 was
1193 3796 1235 3843 the
1249 3796 1368 3858 daughter
1378 3797 1406 3844 of
1414 3797 1446 3849 Q.
1457 3798 1542 3845 Caed-

340 3861 503 3909 instructions.
527 3860 651 3908 SeeVerr.
668 3861 720 3910 i.1.
738 3863 817 3918 ct7:
835 3862 924 3924 “petit
955 3861 1002 3907 lius
1021 3861 1135 3908 Metellus
1151 3860 1242 3922 Nepos,
1262 3861 1317 3908 who
1334 3877 1383 3909 vas
1408 3861 1492 3909 consul
1515 3863 1543 3910 in

339 3941 404 3974 ame
415 3925 538 3974 Rabouiua
549 3927 669 3973 etamicos
679 3925 791 3984 allegat''
955 3939 1005 3972 uc.
1021 3926 1068 3983 983
1086 3925 1134 3972 and
1145 3924 1244 3983 further,
1256 3926 1310 3973 that
1325 3926 1374 3973 this
1388 3941 1438 3973 aas
1452 3926 1543 3975 Snlla's

372 3989 597 4052 tominerontiqur’]
633 3990 692 4039 Men
704 3991 732 4038 ol
744 3990 787 4038 the
803 3990 844 4039 old
854 3991 921 4047 time,
954 3989 1008 4036 wife
1019 3989 1122 4036 caecili·
1131 3989 1247 4048 Metella3
1264 3989 1309 4038 but
1324 3991 1537 4050 thisisdoubttul,

340 4055 542 4117 simple-minded,
554 4054 826 4118 astheyalwayswere.
860 4055 925 4102 Scit
956 4069 984 4100 or
993 4053 1075 4101 rather
1084 4055 1105 4100 it
1114 4068 1192 4102 seems
1202 4054 1324 4102 nottobe
1334 4069 1369 4104 so.

340 4117 923 4181 issupposed.—‘appromitteret:'‘adpromisor’
989 4119 1173 4180 desperatoque]
1199 4119 1340 4182 (Μαι-(Β
1352 4120 1383 4167 G.
1395 4120 1435 4166 vii.
1446 4119 1542 4183 ³)nsea

339 4185 386 4230 isa
396 4185 460 4232 word
472 4183 500 4231 ol
516 4185 564 4231 like
580 4185 692 4244 meaning
706 4183 765 4231 with
777 4183 922 4244 ‘adstipula-
955 4181 1004 4229 thia
1020 4183 1093 4229 word.
1128 4183 1168 4230 He
1189 4184 1275 4244 speaks
1294 4184 1323 4230 of
1341 4184 1466 4246 desperata
1484 4200 1542 4232 men

340 4247 386 4357 n·
400 4249 496 4358 ιιι·
665 4245 923 4360 nul-...nn
955 4247 1491 4360 reuerterentur
1509 4264 1542 4361 n

340 4373 414 4421 butit
425 4327 618 4424 hasaptechnical
635 4327 748 4438 genum}
765 4376 832 4438 (Dig.
844 4379 885 4424 45.
899 4347 921 4425 l.
955 4327 1076 4438 magoellso
1093 4392 1162 4425 mean
1181 4392 1237 4424 men
1255 4377 1331 4425 about
1348 4329 1427 4424 whom
1445 4329 1543 4440 ahhody

340 4441 364 4485 5.
379 4441 435 4496 §²²
454 4443 469 4466 “
478 4440 535 4487 satis
553 4443 659 4502 aoceptlo
676 4447 713 4489 est
729 4441 851 4504 stipulatio
863 4455 925 4502 quac
957 4441 1000 4488 has
1010 4458 1057 4504 any
1068 4443 1140 4504 hope,
1151 4456 1177 4489 as
1193 4441 1213 4488 it
1230 4457 1312 4489 means
1327 4442 1435 4489 here.—‘
1445 4442 1542 4505 parrid-

340 4503 374 4548 ita
391 4501 482 4563 obliget
498 4505 675 4564 promissorem,
694 4513 722 4552 ut
738 4505 924 4566 adprumissores
958 4506 1020 4554 dior'
1037 4507 1093 4555 Vol.
1106 4507 1127 4555 1.
1138 4506 1209 4553 Verr.
1220 4506 1246 4553 ii.
1263 4508 1288 4554 6.
1299 4522 1320 4555 c.
1332 4508 1372 4554 66.

340 4579 437 4628 quoquc
447 4565 478 4614 ab
495 4581 523 4614 ao
542 4569 694 4630 scdpisntur,
712 4569 737 4616 id
754 4573 793 4617 est
807 4570 849 4632 qui
860 4569 924 4616 idem
