3517 5325
321 456 385 518 448
579 450 715 517 ORAT.
739 450 787 517 ΙΙ.
811 450 874 517 DE
900 450 1022 515 LEGE
1047 448 1262 517 AGRARIA

320 643 446 708 genere,
472 620 557 686 sicut
580 622 622 711 iu¹
637 622 752 686 ceteris
774 622 820 685 rei
841 621 987 707 publicae
1008 620 1163 705 partibus,
1179 628 1230 686 est
1249 643 1365 707 operae
1382 625 1523 709 pretium

320 720 515 805 diligentiam
530 721 686 803 majorum
701 720 869 796 recordari,
887 720 940 804 qui
955 720 1094 784 colonias
1109 720 1155 783 sic
1171 720 1293 783 idoneis
1306 720 1339 782 in
1354 723 1433 786 locis
1449 746 1525 787 con·

319 826 371 881 tra
385 816 595 900 suspicionem
610 817 739 901 periculi
761 817 958 881 collocarunt
973 826 1010 881 ut
1025 839 1095 881 esse
1110 838 1173 879 non
1188 816 1305 901 oppida
1323 818 1446 897 ltaliae,
1464 822 1524 885 sed

318 913 557 999 propugnacula
585 913 707 998 imperii
737 914 930 977 viderentur.
976 912 1022 977 Hi
1052 914 1212 977 deducent
1241 914 1381 979 colonias
1406 917 1439 979 iu
1466 938 1523 981 eos

318 1032 414 1094 agros
429 1032 508 1096 quos
527 1010 672 1075 emerint.
719 1010 868 1074 Etiamne
883 1009 910 1073 si
925 1010 971 1073 rei
986 1010 1130 1095 publicae
1145 1033 1209 1074 non
1226 1012 1397 1096 expediatl
1420 1034 1465 1075 sn
1483 1034 1522 1077 ru

320 1130 411 1175 uuas
428 1131 516 1172 toea
532 1130 743 1172 ranarunua
758 1130 959 1172 vinearius.
1006 1110 1089 1189 Quid
1112 1109 1210 1195 igitur
1228 1118 1277 1174 est
1298 1132 1429 1175 caussae
1444 1111 1522 1195 quin

318 1206 473 1269 coloniam
495 1206 528 1269 in
554 1206 737 1270 Ianiculum
762 1206 890 1291 possint
916 1207 1072 1270 deducere
1096 1214 1130 1271 et
1153 1229 1247 1270 suum
1270 1208 1462 1292 praesidium
1487 1208 1521 1271 in

317 1304 423 1388 capite
446 1311 543 1388 atque
565 1303 740 1366 cervicibus
761 1304 883 1368 uostris
906 1304 1082 1367 collocare?
1127 1302 1175 1367 Tu
1201 1326 1265 1367 non
1288 1304 1419 1369 definias
1439 1314 1520 1391 quot

317 1401 465 1478 colonias,
494 1401 526 1463 in
552 1422 633 1485 quae
656 1401 736 1475 loca,
760 1422 824 1486 quo
850 1422 980 1465 numero
1007 1401 1191 1465 colonorum
1216 1401 1328 1465 deduci
1353 1402 1451 1467 velis?
1481 1411 1519 1467 tu

317 1519 452 1581 occupes
479 1498 584 1562 locum
609 1521 702 1583 quem
725 1498 872 1563 idoneum
896 1498 937 1561 ad
963 1498 1026 1561 vim
1052 1507 1141 1563 tuam
1163 1498 1337 1583 judicaris?
1360 1500 1519 1585 compleas

316 1617 457 1673 numero,
475 1596 643 1659 confirmes
665 1596 823 1680 praesidio
843 1618 905 1680 quo
921 1595 1017 1659 velis?
1040 1596 1146 1680 populi
1161 1595 1296 1659 Romani
1311 1597 1518 1682 vectigalibus
1563 1628 1571 1639 ·

315 1699 414 1776 atque
429 1692 574 1756 omnibus
588 1692 688 1777 copiis
703 1693 805 1777 ipsum
820 1692 970 1777 populum
983 1692 1162 1756 Romanum
1173 1715 1330 1770 coerceas,
1347 1695 1516 1779 opprimas,

315 1789 442 1873 redigas
457 1789 489 1851 iu
503 1789 599 1853 istam
611 1789 851 1853 decemviralem
861 1789 1013 1855 ditionem
1027 1812 1065 1854 ac
1079 1794 1300 1875 potestatem?
1335 1791 1516 1858 XXVIII.

317 1884 368 1948 Ut
378 1907 452 1948 vero
466 1892 569 1949 totam
585 1886 712 1949 Italiam
727 1887 793 1950 suis
808 1887 974 1972 praesidiis
989 1888 1135 1952 obsidere
1149 1896 1246 1973 atque
1261 1910 1415 1974 occupare
1430 1890 1517 1976 cogi·

315 1988 374 2059 tet,
391 2003 518 2065 quaeso,
537 1981 687 2060 Quirites,
704 1984 899 2067 cognoscite.
931 1984 1097 2049 Permittit
1112 1986 1297 2049 decemviris
1312 1995 1349 2051 ut
1364 1987 1395 2049 in
1410 1988 1517 2052 omnia

315 2078 493 2163 municipia,
517 2078 550 2141 in
572 2101 681 2143 omnes
702 2080 842 2144 colonias
863 2082 966 2145 totius
985 2082 1097 2147 ltaliae
1119 2083 1247 2147 colonos
1258 2085 1421 2151 ,deducant
1436 2106 1517 2169 quoa

315 2176 433 2248 velint;
458 2176 557 2261 iisque
583 2177 703 2240 colonis
728 2199 842 2264 agrum
867 2178 936 2241 dari
959 2180 1063 2264 jubet.
1109 2180 1195 2243 Num
1220 2182 1353 2245 obscure
1378 2182 1517 2265 majores

315 2298 390 2361 opes
414 2298 507 2361 quam
531 2276 664 2340 libertas
684 2284 791 2340 vestra
812 2277 880 2361 pati
902 2285 1019 2363 potest,
1044 2285 1078 2343 et
1099 2280 1221 2363 majora
1242 2280 1398 2363 praesidia
1420 2302 1516 2365 quae·

314 2374 450 2437 ruuturl
472 2395 547 2435 num
571 2374 705 2437 obscure
728 2396 861 2459 regnum
883 2374 1108 2439 constituitur!
1130 2398 1205 2438 num
1230 2378 1362 2439 obscure
1384 2376 1515 2441 libertas

313 2478 422 2535 vestra
444 2470 586 2535 tollitur?
640 2470 723 2534 Nam
749 2493 845 2555 quum
871 2472 967 2535 iidem
992 2494 1116 2535 ornnem
1142 2473 1316 2557 pecuniam,
1343 2475 1515 2538 maximam

313 2568 557 2647 multitudinem,
574 2568 682 2645 idest,
707 2576 810 2632 totam
827 2568 964 2645 Italiam,
989 2570 1057 2633 suis
1075 2570 1186 2654 opibus
1202 2570 1401 2648 obsidebunt,
1418 2572 1515 2636 iidem

313 2674 452 2731 vestram
466 2667 647 2732 libertatem
661 2667 727 2730 suis
741 2667 908 2752 praesidiis
923 2675 957 2730 et
972 2667 1103 2730 coloniis
1117 2667 1321 2732 interclusam
1337 2672 1511 2742 tenebunt:

314 2785 395 2848 quae
420 2787 493 2848 spes
518 2766 657 2842 tandem,
686 2785 767 2849 quae
792 2764 929 2828 facultas
954 2765 1190 2848 recuperandae
1213 2772 1338 2830 vestrae
1357 2767 1514 2832 libertatis
1570 2799 1594 2810 ·

313 2862 528 2946 relinquetur?

357 2959 406 3021 At
429 2960 511 3022 enim
536 2981 613 3044 ager
637 2958 818 3044 Campanus
840 2958 900 3022 hac
926 2957 996 3046 lege
1022 2959 1188 3034 dividetur,
1208 2961 1293 3026 orbis
1318 2968 1422 3026 terrae
1445 2963 1513 3048 pul-

313 3056 505 3129 cherrimum
546 3062 579 3119 et
609 3055 750 3140 Capuam
779 3055 902 3119 colonia
928 3056 1112 3134 deducetur,
1151 3059 1260 3121 urbem
1288 3059 1514 3144 amplissimam

312 3162 410 3239 atque
420 3153 663 3216 ornatissimam.
709 3152 758 3216 At
772 3153 845 3236 quid
861 3153 902 3216 ad
918 3154 995 3218 haec
1010 3176 1178 3238 possumus
1192 3155 1318 3221 diceret
1364 3158 1413 3222 De
1428 3181 1514 3223 com-

313 3251 407 3314 modo
436 3257 542 3313 vestro
572 3249 660 3331 prius
683 3249 796 3326 dicam,
820 3249 983 3328 Quiritem
1009 3251 1122 3314 deinde
1147 3253 1189 3316 ad
1214 3253 1455 3338 amplitudinem
1479 3263 1513 3320 et

313 3346 502 3430 dignitatem
517 3351 677 3408 revertar:
702 3351 747 3421 ut,
762 3346 789 3407 si
804 3347 875 3430 quis
889 3347 958 3432 agri
973 3356 1030 3412 aut
1044 3349 1150 3434 oppidi
1165 3351 1309 3416 bonitate
1324 3353 1511 3431 delectetur,

345 3484 478 3545 coerceas]
499 3484 657 3542 ‘ochema'
668 3484 716 3543 E.;
732 3487 836 3549 perhaps
853 3489 897 3536 tho
929 3489 1022 3538 lavoro
1033 3491 1061 3538 ol
1074 3492 1116 3540 the
1127 3493 1224 3540 modern
1238 3494 1353 3556 kingdom
1368 3496 1397 3543 ol
1412 3496 1510 3560 Naples.

312 3554 367 3598 trna
377 3549 447 3595 form.
928 3555 1035 3602 Ancieut
1051 3557 1141 3604 writers
1162 3558 1269 3614 (Strabo,
1284 3575 1308 3621 p.
1326 3563 1382 3616 242,
1396 3560 1434 3608 etl.
1447 3563 1509 3616 Cas..

345 3618 386 3662 28.
403 3613 605 3675 multitudinem]
626 3613 707 3661 Baiter
717 3615 804 3664 inserts
818 3616 893 3664 ‘otni-
928 3619 976 3665 and
987 3619 1079 3731 other?
1089 3621 1136 3668 and
1147 3622 1245 3670 modern
1253 3624 1511 3688 writersareeloqueut

313 3677 419 3727 nehuut’
436 3678 720 3736 alter‘multitudiuom‚'
738 3680 848 3727 whichis
864 3697 895 3728 sn
927 3682 953 3729 in
976 3683 1038 3730 their
1076 3685 1203 3747 ascription
1224 3687 1252 3734 ol
1276 3687 1325 3736 thia
1346 3687 1424 3736 fertile
1445 3691 1510 3748 land,

312 3743 421 3792 addition
442 3743 474 3805 by
497 3743 661 3799 Lauredanus,
684 3744 739 3790 who
759 3745 829 3792 could
850 3751 896 3793 not
927 3747 1510 3809 whichproduoedene,corn,audoiliuabund-

312 3807 459 3856 understand
492 3807 893 3856 ‘multitudinem-obsidebunt!
927 3810 994 3858 ailoe.
1027 3811 1079 3859 Tho
1091 3812 1185 3861 Roman
1196 3830 1298 3863 ravenue
1308 3815 1369 3864 hom
1385 3818 1427 3865 the
1443 3821 1509 3866 vine·

314 3873 354 3921 He
372 3872 459 3920 should
477 3873 538 3919 hove
559 3872 684 3932 explained
703 3873 894 3921 ‘multitudinem
927 3875 997 3934 yards
1020 3875 1070 3938 (see
1085 3891 1106 3923 c.
1125 3875 1176 3941 lt),
1188 3879 1230 3926 the
1248 3895 1306 3927 corn
1320 3880 1385 3935 land,
1403 3882 1450 3928 and
1467 3883 1510 3930 tho

312 3936 471 3984 obtinebunt'
505 3936 557 3983 The
568 3936 786 3998 otherisasplain.
820 3937 896 3985 What
927 3938 1184 4002 oliveplantationaol
1196 3944 1245 3990 this
1261 3945 1312 3991 rich
1326 3951 1426 4006 country
1444 3953 1510 3996 must

312 4001 439 4047 differente
466 4001 487 4047 is
509 4000 576 4047 there
604 4001 711 4046 between
739 4000 854 4061 ‘holding
880 4017 896 4049 a
927 4002 987 4050 have
999 4003 1058 4051 been
1074 4020 1130 4067 very
1147 4008 1349 4066 oonsIdersble,il
1360 4010 1380 4056 it
1395 4025 1443 4058 was
1456 4011 1511 4060 well

311 4065 392 4125 thing'
410 4065 457 4110 and
475 4065 575 4125 ‘sitting
590 4079 622 4111 on
638 4064 731 4111 it?'—¹
739 4065 764 4111 id
780 4063 833 4121 est:
848 4065 894 4123 tt.;
927 4066 1109 4124 admInistered;
1126 4071 1173 4117 and
1187 4086 1202 4118 a
1215 4073 1270 4119 wiso
1284 4079 1413 4121 statesmsu
1429 4075 1510 4124 would

313 4128 409 4183 ‘idem’
423 4128 450 4174 F.
927 4133 1041 4193 certainly
1055 4139 1099 4180 not
1117 4132 1177 4182 have
1197 4135 1257 4183 been
1272 4137 1343 4199 ready
1360 4144 1386 4184 to
1404 4139 1457 4199 gire
1476 4155 1509 4202 up

345 4191 686 4251 ortiaterruepulelerrimus
694 4191 715 4252 .·]
728 4191 796 4252 Pliny
804 4192 851 4254 (H.
860 4193 893 4240 N.
928 4195 986 4241 such
998 4211 1028 4242 an
1039 4197 1132 4244 income
1143 4204 1168 4245 at
1184 4215 1199 4245 a
1212 4201 1271 4248 time
1288 4203 1356 4248 when
1373 4203 1415 4249 the
1426 4219 1509 4251 means

311 4256 344 4303 iii.
362 4257 388 4318 ὅ)
400 4257 458 4302 calls
474 4256 493 4300 it
512 4255 643 4316 Campanis
661 4255 734 4309 Felix,
754 4256 796 4302 the
813 4257 890 4304 sortite
923 4259 951 4305 of
960 4260 1001 4306 tha
1013 4261 1080 4308 State
1092 4277 1152 4309 were
1163 4265 1256 4312 neither
1266 4272 1333 4326 grem
1343 4281 1388 4313 nor
1399 4269 1497 4316 certain.

312 4327 374 4366 tract
388 4319 467 4365 which
478 4319 521 4364 lles
532 4318 640 4365 between
651 4319 849 4380 thofirstridges
865 4321 894 4368 ol
955 4326 991 4370 At
1003 4326 1093 4386 paidl]
1114 4325 1194 4375 Baiter
1205 4329 1423 4391 hm‘quid’only.
1456 4332 1510 4380 'Iba

310 4384 353 4431 the
370 4384 508 4444 Apenniucs
529 4383 577 4429 sud
598 4383 640 4429 the
659 4397 706 4440 sea,
722 4385 769 4430 and
789 4387 891 4434 extends
924 4386 998 4435 MSS.
1014 4389 1183 4452 have‘atquI'
1199 4407 1227 4440 or
1244 4393 1350 4456 ‘etcum’
1367 4395 1416 4441 aud
1433 4395 1509 4443 Grae·

311 4448 373 4494 from
388 4447 431 4494 the
449 4447 523 4492 Mons
541 4447 658 4494 Massicus
675 4463 707 4494 on
723 4448 766 4494 tho
781 4449 852 4496 north
866 4456 893 4498 to
926 4453 978 4500 vius
993 4453 1097 4514 may-bc
1116 4455 1189 4516 right,
1208 4457 1263 4506 who
1280 4457 1363 4506 thinks
1378 4459 1432 4506 that
1451 4461 1508 4508 ‘rt’

310 4511 353 4557 the
364 4515 519 4572 promontory
527 4510 555 4556 of
563 4511 713 4569 Surrentum,
729 4513 771 4560 the
784 4513 859 4561 Terra
868 4515 893 4562 di
926 4516 996 4564 alone
1006 4517 1027 4564 is
1037 4519 1139 4566 wanted.
