3517 5325
606 487 784 554 ΗΑΒΙΤΟ
807 488 910 556 (lAP.
932 492 1070 556 22-24.
1374 491 1437 554 319

223 663 279 748 qui
294 662 345 726 bis
359 680 505 726 caussam
521 657 560 722 iis
571 659 777 743 probavisset.
823 657 934 724 Unum
945 659 1074 744 quidem
1084 664 1276 726 certenemo
1290 659 1355 724 erit
1367 665 1437 724 tam

224 759 371 826 inimicus
386 755 534 822 Cluentio
546 755 600 840 qui
615 756 692 820 mibi
707 777 771 820 non
785 757 951 834 concedat,
967 755 996 820 si
1015 763 1143 821 constet
1159 765 1346 842 corruptum
1360 758 1438 820 illud

223 879 297 923 esse
308 854 474 940 judicium,
488 860 546 917 aut
556 854 599 916 ab
612 852 739 916 Habito
755 861 814 918 aut
829 855 870 916 ab
887 853 1148 939 Oppianicoesae
1158 863 1356 939 corruptum.
1401 855 1437 919 si

224 955 325 1019 doceo
335 974 399 1016 nou
411 952 452 1014 ab
465 951 599 1025 Habito,
616 950 707 1014 vinco
722 953 763 1016 ab
775 949 975 1035 Oppianico:
997 951 1025 1016 si
1040 952 1177 1016 ostendo
1192 953 1236 1015 ab
1245 952 1433 1036 Oppianico,

226 1072 330 1139 purgo
346 1049 518 1112 Habitum.
536 1047 642 1126 Quare
652 1047 714 1112 etsi
724 1047 804 1112 satis
816 1047 910 1112 docui
918 1047 1075 1112 rationem
1083 1048 1201 1112 nullam
1210 1049 1285 1113 huic
1295 1071 1436 1112 corrum-

227 1147 324 1234 pendi
335 1144 449 1230 judicii
464 1143 571 1218 fuisse,
588 1165 700 1229 exque
714 1144 904 1230 intelligitur
917 1146 1228 1231 abOppianicoesse
1238 1155 1435 1230 corruptum,

227 1255 337 1310 tamen
348 1244 388 1306 de
404 1243 457 1306 illo
469 1241 539 1326 ipso
548 1243 719 1326 separatim
735 1244 931 1328 cognoscite.
954 1243 1097 1307 XXIV.
1113 1244 1225 1327 Atque
1237 1263 1298 1327 ego
1309 1243 1363 1306 illa
1374 1265 1438 1306 non

229 1340 477 1426 argumentabor
496 1347 665 1422 quaesunt
680 1341 789 1423 grania
803 1339 1027 1414 vehementem
1050 1362 1125 1404 eum
1136 1341 1317 1425 corrupisse
1336 1339 1438 1424 quiin

229 1437 368 1525 periculo
392 1436 510 1510 luerit;
536 1457 609 1500 eum
632 1437 686 1522 qui
709 1437 882 1510 metuerit;
906 1459 980 1502 eum
1000 1438 1055 1522 qui
1077 1459 1168 1522 spem
1188 1437 1303 1502 salutis
1321 1437 1355 1500 in
1375 1437 1439 1501 alia

230 1537 354 1600 ratione
378 1555 442 1598 non
466 1533 636 1609 babuerit;
665 1555 737 1598 eum
766 1534 820 1619 qui
849 1555 973 1619 semper
998 1534 1151 1619 singulari
1172 1535 1270 1600 luerit
1293 1533 1437 1598 audacia.

234 1633 340 1697 Multa
355 1638 432 1696 sunt
454 1631 621 1715 ejusmodi.
667 1631 790 1696 Verum
805 1653 903 1716 quum
918 1631 1054 1696 babeam
1068 1654 1136 1696 rem
1151 1654 1215 1695 non
1230 1632 1360 1696 dubiam
1380 1631 1439 1694 sed

230 1739 376 1815 apertam
394 1736 491 1814 atque
510 1730 723 1806 manifestam,
741 1728 938 1794 enumeratio
960 1729 1157 1814 singulorum
1179 1736 1439 1813 argumentorum

232 1849 297 1892 non
317 1834 368 1891 est
385 1827 574 1892 necessaria.
619 1827 702 1892 Dico
718 1827 754 1892 0.
771 1826 866 1892 Aelio
882 1827 1014 1892 Staieno
1032 1827 1135 1910 judici
1155 1827 1324 1912 pecuniam
1344 1847 1438 1912 gran-

233 1926 307 1989 dem
331 1923 469 1988 Statium
494 1924 625 1988 Albium
650 1924 691 1988 ad
711 1925 976 2010 corrumpendum
993 1924 1149 2009 judicium
1170 1924 1307 1989 dedisse.
1353 1923 1439 1986 Num

234 2023 307 2108 quis
332 2022 449 2105 negati
502 2019 558 2099 Te,
587 2021 772 2107 Oppianice,
804 2022 952 2108 appello;
987 2030 1030 2101 te,
1064 2021 1162 2096 Atti3
1199 2043 1335 2106 quorum
1357 2021 1440 2086 alter

235 2119 414 2206 eloquentia
428 2119 663 2186 damnationem
685 2119 780 2194 illam,
800 2119 885 2184 alter
906 2119 1008 2186 tacita
1027 2119 1148 2204 pietate
1168 2119 1327 2204 deplorat.
1371 2119 1440 2182 Au-

236 2218 309 2284 dete
329 2239 446 2303 negare
460 2220 502 2282 ab
517 2217 694 2302 Oppianico
712 2217 844 2282 Staieno
855 2218 958 2302 judici
973 2219 1141 2303 pecuniam
1159 2217 1286 2282 datam:
1311 2225 1438 2300 negate,

236 2316 374 2401 inquam,
389 2317 421 2378 in
436 2337 474 2380 eo
488 2315 570 2380 loco.
615 2316 698 2396 Quid
714 2315 853 2380 tacetis?
898 2315 953 2378 Aa
967 2335 1087 2398 negare
1108 2336 1170 2378 non
1191 2315 1337 2398 potestis,
1354 2313 1440 2397 quod

236 2413 407 2498 repetistis,
438 2413 523 2497 quod
553 2412 691 2476 confessi
721 2413 809 2486 estis,
840 2411 926 2495 quod
954 2411 1156 2476 abstulistis?
1210 2411 1281 2489 Quo
1309 2410 1440 2474 tandem

235 2511 334 2595 igitur
358 2532 413 2574 ore
439 2509 632 2574 mentionem
652 2507 794 2590 corrupti
811 2505 926 2590 judicii
948 2505 1064 2583 facitis,
1087 2527 1185 2590 quum
1205 2507 1248 2568 ab
1268 2505 1333 2570 ists
1347 2513 1439 2590 parte

231 2608 332 2693 judici
347 2604 514 2691 pecuniam
536 2609 611 2669 ante
629 2602 786 2687 judicium
809 2603 928 2680 datam,
943 2608 1020 2687 post
1033 2601 1190 2686 judicium
1211 2610 1355 2689 ereptam
1369 2624 1440 2669 esse

240 2878 304 2926 lem
320 2880 364 2924 not
381 2890 436 2923 sure
452 2875 565 2925 wbicbis
585 2876 627 2924 tbe
645 2880 698 2923 true
714 2874 821 2937 reading.
854 2874 923 2921 tilian
935 2874 1008 2938 (lust.
1020 2891 1043 2921 v.
1058 2874 1108 2939 lo),
1119 2876 1173 2923 nbo
1181 2880 1267 2939 quotes
1274 2876 1324 2924 this
1332 2890 1439 2939 passage,

237 2942 291 2989 'l'be
313 2940 451 3003 opposition
479 2940 588 2987 between
616 2940 711 3001 ‘aliqua
730 2940 822 2986 ratione
854 2938 903 2986 and
931 2938 1082 2987 Rufinianus.
1125 2940 1178 2988 'lbe
1200 2940 1271 2987 other
1298 2941 1396 3002 reading
1418 2943 1439 2990 is

239 3004 433 3055 diffideret'and
445 3006 525 3055 ‘omui
535 3005 627 3055 ratione
638 3004 784 3053 confideret'
801 3004 822 3051 ia
854 3003 1133 3065 ‘iniqumst—‘vinem'
1151 3004 1179 3053 ⁶1
1199 3004 1290 3067 prove.’
1307 3020 1334 3053 aa
1349 3006 1376 3053 in
1393 3006 1440 3055 lto

240 3072 317 3128 rlear3
334 3070 410 3117 noris
429 3071 449 3117 it
467 3084 514 3132 any
531 3070 652 3130 objection
670 3074 696 3115 to
714 3068 824 3131 ‘aliqua'
858 3068 969 3125 Caecina,
981 3084 1002 3115 c.
1014 3071 1054 3117 ai.

240 3150 267 3183 as
278 3134 377 3183 Classen
389 3150 514 3197 supposes,
530 3135 583 3181 that
594 3148 654 3181 eren
665 3146 698 3180 an
710 3134 825 3180 innocent
889 3136 930 3181 2⁴.
949 3134 1025 3179 tacita
1033 3132 1138 3195 pietate]
1157 3132 1210 3180 0ut
1225 3132 1253 3180 ol
1260 3137 1354 3195 respect
1364 3138 1391 3182 to
1401 3134 1440 3182 bis

240 3196 822 3261 maomigbtbeaaid‘aliquaratr'one‘diffidere!
854 3196 942 3257 father,
957 3197 1036 3245 erbieb
1061 3202 1128 3257 steps
1151 3197 1190 3245 bis
1213 3198 1383 3247 mouth-‘in
1409 3214 1440 3247 ee

242 3263 292 3311 But
302 3264 385 3311 Cicero
396 3264 452 3312 does
467 3268 563 3327 notsay
575 3263 631 3319 this,
643 3262 664 3309 il
680 3262 789 3324 ‘aliqua’
801 3263 822 3309 ia
855 3254 932 3308 loeo:'
952 3267 1022 3309 ‘meo
1038 3262 1109 3319 loco,’
1123 3262 1147 3309 S.
1158 3261 1188 3309 Τ.
1201 3262 1229 3309 ll.
1263 3262 1352 3310 Baiter.
1386 3262 1440 3311 The

240 3328 283 3375 the
305 3332 358 3375 true
376 3329 482 3390 reading,
502 3328 530 3379 ns
545 3344 575 3375 an
595 3328 709 3375 innocent
723 3340 788 3383 man,
799 3325 828 3373 ol
857 3326 984 3374 difference
994 3326 1103 3373 between
1114 3328 1139 3373 ia
1148 3326 1195 3373 and
1205 3342 1229 3373 m
1237 3327 1259 3374 is
1269 3342 1296 3374 so
1305 3326 1374 3374 small
1384 3327 1439 3375 that

241 3393 320 3441 vrbem
333 3394 352 3441 it
363 3394 435 3442 could
445 3394 503 3455 only
513 3392 544 3441 be
554 3392 689 3441 seidnudoe
695 3392 825 3453 particular
856 3390 900 3439 tbe
913 3391 1026 3439 evidence
1034 3406 1094 3439 even
1105 3391 1134 3439 of
1145 3390 1188 3439 tbe
1201 3391 1256 3440 best
1265 3392 1339 3439 MSS.
1351 3397 1440 3441 cannot

242 3458 432 3515 circumstances,
452 3458 543 3505 buthe
565 3472 617 3519 says
639 3456 659 3503 it
680 3456 707 3503 of
728 3470 743 3502 a
768 3471 824 3503 man
857 3455 989 3503 determine
1010 3470 1055 3503 our
1076 3456 1165 3503 choica.
1198 3456 1251 3504 'l'be
1272 3457 1342 3503 other
1363 3456 1438 3505 MSS.

242 3521 320 3567 wbom
338 3522 369 3569 be
385 3536 491 3569 meumes
508 3526 534 3568 to
552 3520 582 3569 be
603 3521 687 3583 guilty,
703 3519 751 3567 and
769 3520 824 3569 who
856 3518 917 3567 here
939 3521 980 3567 ‘in
999 3535 1028 3567 eo
1047 3520 1118 3576 loeo,'
1136 3520 1182 3567 and
1200 3520 1299 3568 Classen
1316 3521 1360 3567 bas
1376 3522 1439 3569 done

242 3586 321 3633 would
332 3586 391 3633 bare
401 3602 417 3633 a
431 3587 518 3633 motiva
529 3586 566 3633 lor
577 3586 672 3647 bn'biug
686 3585 728 3633 tbe
745 3588 751 3613 ⁴
757 3585 821 3645 judi·
855 3584 921 3645 rigbt
931 3584 956 3632 in
967 3584 1069 3646 keeping
1081 3585 1122 3631 ‘in
1131 3600 1162 3633 eo
1172 3585 1243 3643 loeo,'
1254 3586 1333 3633 rrbicb
1349 3585 1438 3633 Manu·

243 3646 300 3703 ces,’
317 3648 338 3695 'u
354 3648 385 3695 he
400 3650 447 3697 bad
463 3665 547 3696 reason
559 3650 584 3695 in
598 3664 645 3711 any
657 3664 708 3710 way
720 3648 826 3713 (‘eliqua
857 3648 1438 3711 tinscorrectlyerplainatomeau⁴‘tbebencbea

243 3710 363 3772 ratione')
385 3718 412 3758 to
434 3713 483 3759 lear
501 3712 574 3759 about
595 3712 637 3761 the
660 3714 756 3759 vsidict.
802 3712 828 3760 Il
857 3714 887 3759 ol
894 3712 936 3759 tbc
946 3718 1105 3773 prosecutores,
1113 3712 1211 3759 whence
1221 3712 1385 3774 tbcybadnot
1395 3714 1439 3760 tbe

154 3782 160 3791 ¹
245 3775 306 3822 'alia
323 3776 429 3823 ratione'
448 3776 468 3823 'ra
487 3777 590 3837 right,it
606 3790 688 3825 means
699 3777 824 3825 otauniae
856 3775 922 3837 right
940 3782 967 3822 to
987 3777 1108 3838 interrnpt
1124 3777 1165 3823 tbe
1185 3774 1311 3823 delenca.”
1353 3775 1438 3823 Cicero

244 3838 304 3887 than
316 3838 348 3899 by
359 3840 504 3899 corruption.
779 3868 783 3877 ·
855 3839 1006 3900 accordingly
1022 3841 1087 3900 gives
1097 3840 1163 3887 them
1174 3840 1316 3900 permission
1326 3842 1353 3885 to
1364 3839 1438 3899 speak

278 3902 377 3951 Classen
395 3903 522 3949 maintains
538 3902 592 3949 tbat
609 3902 669 3950 ‘alia
679 3903 785 3950 ratione'
797 3903 823 3949 iu
855 3902 918 3949 from
933 3902 997 3949 their
1013 3908 1083 3949 acam.
1116 3903 1240 3948 Manutim
1257 3916 1380 3961 compares
1395 3902 1439 3949 the

244 3968 294 4015 this
310 3966 442 4027 chapteris
458 3966 822 4027 confirmedby‘aliaratione'
856 3978 956 4027 passage
974 3967 1000 4013 in
1017 3966 1064 4014 Pro
1083 3966 1154 4013 Rosa.
1172 3966 1254 4013 Anser.
1272 3980 1293 4012 c.
1312 3966 1360 4019 27:
1378 3968 1438 4013 “sic

244 4033 270 4079 in
289 4031 331 4079 the
350 4036 409 4087 tert,
427 4029 504 4077 nbieb
523 4030 544 4077 is
563 4044 578 4076 a
595 4030 703 4085 muoso,
716 4030 729 4077 1
744 4030 823 4079 think.
856 4036 937 4077 tectim
947 4044 1017 4089 agam
1028 4036 1056 4077 nt
1067 4031 1092 4077 in
1108 4044 1137 4077 eo
1154 4029 1206 4075 loeo
1223 4029 1261 4075 vel
1276 4028 1439 4089 respondendi

247 4096 287 4145 lle
297 4094 367 4143 could
375 4098 419 4141 not
429 4109 472 4156 say
482 4108 529 4154 any
538 4093 607 4155 thing
623 4094 671 4141 else
687 4094 746 4141 tban
764 4094 825 4141 ‘alla
857 4094 895 4141 rel
905 4093 1075 4153 interpellandi
1089 4092 1133 4140 tibi
1144 4098 1290 4155 potestatam
1300 4092 1413 4140 faeiam.”

244 4161 337 4209 ratiorm
347 4158 353 4181 '
364 4160 390 4205 in
401 4158 443 4205 tbe
457 4164 515 4205 next
531 4156 645 4219 cleptem
662 4158 709 4205 and
726 4157 757 4205 be
772 4172 823 4205 oer-
889 4157 955 4218 qaod
964 4157 1119 4218 abstulistis]
1140 4156 1180 4203 lle
1189 4156 1293 4205 baamid
1304 4157 1382 4217 ‘quod
1399 4172 1437 4206 re·

245 4226 321 4285 teinly
342 4223 412 4273 eould
432 4238 473 4283 say
491 4222 588 4283 ‘aliqua
608 4222 715 4269 ratione'
732 4223 757 4269 in
775 4222 823 4271 thir
856 4219 967 4282 pauses)
990 4220 1070 4267 ‘nbat
1092 4235 1141 4281 you
1170 4220 1269 4267 clmroed
1292 4220 1353 4269 back
1362 4221 1379 4268 ε’
1406 4222 1438 4269 be

246 4290 352 4351 chapter,
363 4287 490 4347 according
500 4291 526 4333 to
538 4285 659 4334 Classen's
672 4300 725 4332 own
735 4286 824 4333 admu-
857 4284 916 4332 adds
928 4284 1016 4333 “vbat
1030 4300 1078 4345 you
1094 4284 1154 4332 bave
1169 4284 1293 4342 admitted,
1310 4284 1374 4333 what
1390 4300 1438 4347 you

246 4354 307 4402 sion.
342 4354 389 4400 For
404 4352 425 4399 ii
434 4352 528 4413 ‘aliqua
535 4348 640 4397 ratione’
652 4350 721 4397 could
733 4350 764 4397 be
774 4348 825 4397 said
858 4348 1019 4397 barewried
1029 4350 1067 4397 oll'
1080 4348 1263 4411 (absurbstis).”
1297 4350 1405 4397 SeeVol.
1415 4351 1436 4399 l.

246 4418 275 4465 ol'
283 4434 313 4467 au
324 4419 437 4467 mussent
453 4430 518 4472 man,
535 4415 563 4465 oi
576 4429 660 4463 course
674 4414 694 4462 it
708 4414 779 4463 could
795 4413 826 4461 bs
858 4414 928 4460 Verr.
938 4414 961 4460 ii.
974 4416 999 4463 4.
1009 4429 1032 4461 e.
1050 4415 1095 4461 u:
1113 4418 1129 4441 ‘¹
1139 4413 1179 4461 lte
1186 4414 1324 4475 l’ampbilas
1393 4414 1437 4462 bos

247 4482 526 4543 nidosagailtymao.
857 4477 1356 4539 optimsutewaadlroauoedo
1403 4494 1437 4529 m·

281 4547 405 4609 inierim]
425 4546 450 4595 S.
459 4545 495 4603 T..
506 4544 548 4595 tlte
558 4542 612 4593 best
622 4542 695 4593 MSS.
707 4542 735 4591 ol
749 4541 825 4595 Qun.
857 4558 878 4593 e·
893 4543 938 4599 113
956 4542 1003 4593 Pro
1014 4542 1042 4591 P.
1054 4542 1163 4601 Quintio,
1173 4557 1195 4590 c.
1206 4545 1231 4591 b.
