3517 5325
343 463 407 526 432
603 456 738 522 ORAT.
762 455 810 522 II.
834 456 897 521 DE
923 455 1046 521 LEGE
1071 455 1286 521 AGRARIA

343 630 456 695 salicta
479 630 531 693 ad·
548 629 753 709 Minturnas:
777 630 970 715 adjungetur
995 628 1091 693 etiam
1115 628 1168 693 illa
1192 629 1243 692 via
1268 626 1436 692 vendibilis
1465 627 1550 694 Her-

343 729 484 805 culanea,
507 729 678 793 multarum
700 728 881 791 deliciarum
898 738 931 791 et
946 748 1080 813 magnae
1102 726 1269 814 pecuniae:
1293 727 1454 811 permulta
1476 728 1547 801 alia,

344 849 425 911 quae
444 835 576 891 senatus
595 834 727 911 propter
748 826 914 911 angustias
933 826 1046 889 aerarii
1061 825 1225 888 vendenda
1247 826 1380 901 censuit,
1403 826 1549 889 consules

343 933 474 1010 propter
496 925 646 988 invidiam
665 946 729 988 non
751 924 970 988 vendiderunt.
1016 922 1138 987 Verum
1161 924 1238 987 haec
1258 922 1394 986 tortasse
1417 931 1549 1008 propter
1609 982 1612 987 .

344 1024 496 1108 pudorem
524 1022 557 1084 in
585 1022 656 1108 lege
686 1022 870 1085 reticentur.
917 1022 980 1086 Sed
1009 1021 1086 1085 illud
1116 1020 1218 1106 magis
1244 1028 1294 1084 est
1317 1020 1493 1083 cavendum
1516 1028 1550 1085 et

335 1122 640 1207 pertimescendum,
657 1122 741 1207 quod
756 1121 904 1184 audaciae
920 1120 1119 1183 decemvirali
1139 1120 1438 1203 corrumpendarum
1454 1121 1548 1183 tabu-

343 1221 445 1284 larum
467 1219 663 1304 publicarum
682 1219 965 1304 fingendorumque
987 1218 1344 1293 senatusconsultorum,
1361 1218 1549 1302 quaefacta

344 1340 515 1403 numquam
533 1325 619 1392 sunt,
640 1340 736 1402 quum
762 1338 802 1379 ex
827 1339 866 1380 eo
891 1338 1023 1379 numero
1049 1316 1103 1400 qui
1122 1338 1180 1401 per
1199 1337 1254 1379 eos
1276 1338 1376 1379 annos
1400 1316 1549 1380 consules

344 1417 472 1480 luerunt
486 1415 577 1479 multi
593 1415 708 1477 mortui
728 1414 802 1492 sint,
818 1436 935 1499 magna
957 1414 1155 1498 permittitur
1176 1420 1330 1498 potestas.
1378 1412 1449 1476 Nisi
1464 1414 1550 1478 sorte

241 1576 245 1579 .
344 1515 421 1577 nihil
436 1523 487 1579 est
501 1536 636 1599 aequum
650 1535 709 1576 nos
724 1512 762 1575 de
777 1534 886 1575 eorum
901 1511 1036 1575 audacia
1050 1511 1212 1596 suspicari,
1229 1533 1362 1596 quorum
1377 1511 1549 1597 cupiditati

344 1612 475 1676 nimium
489 1620 645 1697 augustus
660 1611 746 1675 orbis
760 1617 918 1674 terrarum
934 1630 1004 1673 esse
1019 1609 1173 1673 videatur.
1303 1688 1306 1693 Ι

389 1710 471 1775 XV.
506 1710 644 1774 Habetis
673 1731 770 1772 unum
799 1708 991 1772 venditionis
1019 1730 1128 1793 genus,
1160 1708 1246 1792 quod
1274 1729 1424 1793 magnum
1446 1708 1548 1773 videri

344 1809 435 1873 robis
463 1804 625 1891 intelligo:
650 1808 706 1870 sed
732 1806 892 1870 attendite
915 1805 1038 1869 animos
1055 1806 1097 1868 ad
1120 1826 1159 1868 ea
1184 1826 1265 1889 quae
1289 1814 1547 1890 consequuntur;

344 1907 428 1968 hunc
443 1906 532 1990 quasi
547 1906 681 1990 gradum
697 1904 855 1990 quendam
870 1911 967 1988 atque
981 1903 1104 1967 aditum
1125 1904 1166 1965 ad
1184 1910 1291 1967 cetera
1310 1904 1436 1987 jactum
1455 1904 1550 1969 intel-

344 2003 458 2087 ligetis.
519 2023 576 2069 our
615 2023 711 2079 seur,
751 2023 842 2068 cusu
881 2022 979 2079 nous,
1011 2022 1208 2064 enormem.
1265 2001 1347 2081 Quid
1377 2010 1428 2066 est
1457 2024 1549 2087 prae-

345 2103 456 2166 tereat
477 2101 580 2163 multa
599 2099 632 2162 in
655 2099 830 2185 mancipiis,
852 2100 884 2162 in
902 2120 1025 2184 pecore,
1049 2121 1137 2177 auro,
1158 2107 1303 2184 argento,
1325 2101 1430 2176 ebore,
1447 2109 1547 2180 reste,

344 2197 540 2282 supellectili,
566 2197 682 2261 ceteris
705 2198 811 2260 rebus.
857 2196 941 2277 Quid
967 2197 1090 2261 dicam?
1111 2195 1299 2261 invidiosum
1321 2206 1467 2283 putasset
1487 2200 1549 2264 hoc

344 2297 421 2375 fore,
452 2296 479 2359 si
505 2295 611 2359 omnia
639 2294 853 2358 nominasset?
887 2293 960 2357 Non
990 2294 1106 2357 metuit
1131 2294 1290 2357 invidiam.
1336 2294 1420 2375 Quid
1449 2299 1550 2382 ergo!

344 2395 474 2481 longum
489 2394 627 2480 putavit,
645 2401 680 2458 et
693 2392 801 2457 timuit
815 2414 856 2456 ne
871 2391 946 2477 quid
962 2392 1169 2477 praeteriret:
1193 2392 1374 2478 adscripsit,
1394 2416 1547 2457 aurunva

346 2516 427 2561 euro
440 2487 513 2579 'qua
533 2492 691 2557 brevitate
712 2513 779 2555 rem
801 2490 920 2553 nullam
944 2512 1014 2553 esse
1031 2498 1198 2574 exceptam
1215 2491 1338 2555 videtis.
1386 2492 1548 2577 Quidquid

345 2614 422 2678 ergo
443 2592 486 2656 sit
506 2602 599 2655 extra
621 2590 757 2668 Italiam,
780 2589 865 2675 quod
887 2588 1045 2673 publicum
1066 2588 1173 2674 populi
1197 2588 1331 2652 Romani
1352 2590 1472 2654 lactum
1493 2591 1545 2670 sit,

347 2690 385 2754 L.
403 2691 490 2754 Sulla
511 2690 549 2771 Q.
574 2689 725 2774 Pompeio
749 2687 930 2752 consulibus
956 2695 1012 2751 aut
1037 2695 1158 2772 postea,
1182 2687 1215 2751 id
1239 2689 1433 2752 decemviros
1456 2691 1548 2774 jubet

345 2789 491 2853 vendere.
537 2787 610 2851 Hoc
626 2788 739 2873 capite,
759 2787 910 2868 Quirites,
928 2806 1037 2848 omnes
1051 2793 1173 2871 gentes,
1186 2787 1340 2864 nationes,
1358 2787 1546 2872 provincias,

345 2908 454 2972 regna,
482 2886 693 2950 decemvirum
716 2874 838 2962 ditioni,
862 2882 992 2967 judicio,
1015 2885 1232 2969 potestatique
1249 2885 1402 2969 permissa
1422 2893 1457 2948 et
1474 2907 1548 2948 con·

347 2986 468 3048 donata
490 3006 560 3048 esse
584 2984 664 3047 dico.
712 2982 855 3044 Primum
878 2981 939 3044 hoc
963 3002 1080 3066 quaero
1104 2983 1196 3061 enim,
1228 2983 1281 3067 qui
1309 2983 1437 3047 tandem
1458 2983 1548 3078 locus

346 3135 389 3182 tha
408 3134 514 3181 volcanic
535 3138 597 3181 tract
615 3133 724 3181 between
746 3131 861 3193 Neapolis
883 3131 931 3179 and
963 3132 1068 3194 possible
1079 3137 1105 3180 to
1116 3133 1176 3180 alter
1191 3133 1233 3179 the
1250 3132 1332 3194 public
1346 3132 1442 3180 recorda
1458 3131 1506 3179 and
1522 3135 1548 3180 to

347 3200 447 3247 Cumae.
481 3199 533 3245 The
544 3199 606 3244 osier
616 3198 675 3244 beds
685 3197 714 3244 oi
719 3196 859 3243 Minturnae
869 3211 931 3244 wera
963 3197 1030 3258 forge
1043 3197 1259 3254 Senatusconsulta,
1271 3197 1372 3244 besam
1383 3212 1455 3257 many
1466 3197 1495 3244 oi
1507 3197 1548 3244 she

347 3265 372 3310 in
395 3264 436 3310 the
455 3263 501 3309 low
521 3263 589 3309 lauda
608 3276 668 3308 near
685 3264 728 3308 the
744 3260 830 3306 mouth
846 3261 874 3307 of
889 3261 932 3308 tha
964 3262 1060 3310 consuls
1071 3261 1176 3310 between
1188 3262 1230 3309 tha
1240 3262 1296 3308 date
1307 3261 1335 3309 uf
1344 3261 1379 3308 M.
1396 3261 1549 3309 Tulliusand

348 3327 419 3381 Liris,
436 3326 514 3372 where
533 3325 561 3373 C.
579 3325 672 3372 Marius
688 3339 748 3372 once
766 3324 808 3371 hid
827 3325 930 3373 himself.
964 3327 1010 3374 Cn.
1027 3327 1151 3375 Cornelius
1169 3327 1216 3373 and
1235 3327 1277 3373 the
1294 3331 1392 3388 present
1410 3327 1469 3373 time
1487 3341 1549 3373 uera

349 3390 481 3451 (Plutarch.
492 3389 592 3444 Marius,
604 3405 624 3435 c.
636 3389 689 3451 37.)
965 3391 1033 3438 dead.
1077 3392 1130 3438 The
1159 3391 1371 3438 Senatusconsulta
1403 3405 1464 3437 vere
1489 3390 1549 3451 lrept

381 3453 561 3514 Herculanea]
582 3453 606 3499 It
625 3454 673 3500 this
690 3453 806 3514 adjective
823 3455 844 3502 is
858 3455 931 3516 right,
965 3455 1029 3503 saie:
1048 3459 1063 3482 ‘⁴
1074 3455 1214 3504 Institutum
1226 3457 1297 3502 etiam
1309 3455 1340 3502 ab
1349 3455 1432 3502 iisdem
1444 3455 1548 3502 consuli·

347 3518 396 3564 and
417 3533 449 3564 no
467 3517 540 3564 MSS.
560 3517 710 3564 variationis
727 3519 872 3576 mentioned,
891 3519 933 3567 the
965 3519 1018 3574 bus.
1031 3525 1058 3566 ut
1069 3520 1275 3568 senatusconsulta
1283 3521 1307 3566 in
1318 3520 1402 3567 aedem
1414 3519 1507 3567 Cereris
1518 3519 1549 3566 ad

347 3582 414 3644 place
425 3597 473 3628 was
484 3583 620 3629 sometimes
630 3583 718 3630 named
731 3583 893 3630 Herculanum
906 3599 931 3631 as
964 3585 1051 3632 aediles
1070 3585 1146 3646 plebis
1164 3585 1320 3639 deferrentur,
1332 3599 1394 3646 quae
1411 3589 1468 3631 erite
1485 3583 1549 3630 arbi·

347 3648 401 3693 well
411 3647 631 3695 aslierculsueum.
648 3647 707 3695 This
717 3649 738 3695 is
749 3648 791 3695 the
801 3649 932 3710 cityattha
964 3651 1011 3696 trio
1025 3651 1148 3697 consulum
1166 3649 1377 3712 supprimebantur
1392 3648 1549 3696 otiabantur·

348 3712 400 3759 foot
412 3711 441 3760 oi
448 3711 566 3760 Vesuvius
577 3713 653 3759 which
664 3728 712 3760 was
724 3713 851 3776 destroyed
868 3727 931 3761 a.n.
966 3729 1012 3776 que
1022 3712 1038 3736 ”
1051 3714 1115 3776 (hir.
1127 3715 1161 3761 iii.
1182 3713 1235 3777 55).
1270 3714 1297 3762 It
1312 3729 1359 3775 any
1378 3728 1439 3760 were
1456 3712 1548 3774 lorged,

349 3779 381 3832 79
388 3777 419 3838 by
427 3793 459 3824 an
469 3779 581 3838 eruption
592 3777 620 3824 oi
627 3778 670 3825 the
677 3778 809 3825 mountain.
826 3778 879 3825 Tha
888 3779 933 3824 sita
965 3779 1007 3826 the
1017 3793 1100 3826 names
1111 3779 1139 3826 oi
1154 3779 1224 3826 those
1235 3779 1288 3825 who
1299 3793 1361 3826 were
1371 3783 1469 3840 present
1480 3779 1549 3824 when

347 3843 369 3888 is
392 3843 487 3898 Besina,
510 3843 617 3890 between
639 3843 729 3904 Naplss
751 3843 799 3890 and
817 3842 932 3906 Pompeii.
964 3843 1022 3904 they
1034 3858 1094 3890 were
1113 3843 1193 3890 drawn
1211 3842 1309 3905 np(qui
1327 3842 1452 3890 scribendo
1465 3841 1549 3888 adine·

348 3907 402 3954 The
417 3906 483 3954 ‘ria’
500 3907 716 3968 maybetheroad
732 3907 804 3968 along
813 3907 856 3954 the
867 3911 933 3954 coast
965 3907 1250 3970 runt)mustbeiorged.
1278 3907 1328 3955 Cic.
1341 3907 1379 3954 Ad
1391 3907 1503 3954 Diuviii.
1516 3909 1548 3954 8:

348 3973 377 4018 of
390 3972 432 4019 the
443 3972 497 4033 bay,
514 3973 592 4019 which
602 3987 649 4018 was
660 3973 689 4018 fit
700 3972 735 4018 ior
746 3972 855 4033 building
865 3972 934 4018 villas
967 3977 982 4000 ⁸¹
991 3973 1238 4027 Senatusconsultum,
1249 3972 1312 4034 quod
1325 3971 1369 4018 tibi
1381 3971 1443 4026 misi,
1457 3971 1549 4018 iactum

348 4051 388 4083 on.
422 4036 458 4084 of
472 4051 555 4083 course
572 4037 603 4084 he
619 4036 676 4083 does
689 4042 813 4083 notmean
824 4036 934 4083 theroad
966 4041 1003 4084 est
1013 4037 1213 4098 auctoritatesque
1224 4037 1370 4098 perscriptae
1378 4035 1404 4092 ;’'
1419 4035 1462 4082 the
1474 4035 1548 4082 Sena-

348 4101 413 4161 only‚
425 4101 469 4147 hut
481 4101 536 4147 land
547 4101 674 4161 bordes-ing
684 4115 715 4147 on
726 4101 753 4147 it
965 4101 1139 4148 tuseonsultum
1158 4101 1241 4162 begins
1257 4103 1327 4148 thus:
1352 4105 1367 4128 ‘⁶
1378 4101 1403 4147 S.
1420 4101 1449 4148 C.
1467 4105 1549 4147 aucto·

382 4165 525 4226 canendum]
544 4165 597 4211 Tha
618 4165 716 4224 reading
737 4164 766 4210 os
785 4164 815 4211 G.
850 4163 932 4212 Baiter
963 4167 1030 4212 ritas.
1043 4165 1120 4212 Pridie
1136 4165 1191 4212 Kal.
1208 4165 1295 4213 Octob.
1313 4165 1337 4211 in
1356 4165 1415 4212 aede
1430 4165 1549 4226 Apollinis

348 4229 422 4290 keeps
434 4230 475 4276 the
486 4230 583 4290 reading
594 4227 768 4276 ‘credendum'
799 4229 931 4276 Lambinus
964 4229 1034 4277 scrib.
1046 4231 1166 4276 affuerunt
1177 4231 1206 4277 1..
1219 4229 1341 4276 Domitius
1353 4231 1398 4277 Cn.
1412 4229 1458 4276 FJ‘
1471 4233 1515 4276 &c-

349 4295 501 4353 corq'ectured
519 4292 692 4350 ‘meandum'
714 4293 762 4340 and
780 4293 930 4350 Gulielmius,
999 4297 1036 4341 15.
1047 4295 1157 4356 jactum]
1179 4294 1306 4340 ‘Factum'
1324 4293 1403 4340 which
1418 4295 1439 4340 is
1453 4293 1549 4354 printed

350 4357 512 4404 ‘verendum’
965 4358 990 4404 in
1002 4373 1068 4404 some
1079 4359 1207 4405 editiousis
1219 4375 1233 4405 a
1244 4359 1381 4418 conjecture
1391 4358 1419 4405 ol
1428 4357 1548 4404 laureda-

382 4422 623 4481 comempeudarum,
636 4421 692 4482 tec]
712 4421 738 4468 it
748 4436 825 4468 seems
835 4426 932 4481 strange
964 4428 1059 4468 nus-⁶
1069 4429 1175 4482 putasset
1184 4423 1199 4469 ι’
1210 4423 1331 4469 Puteanus
1340 4429 1413 4469 wrote
1421 4420 1549 4483 ‘puteosa'

349 4484 403 4531 that
413 4487 462 4532 this
472 4485 558 4533 should
569 4486 629 4533 have
645 4486 706 4532 been
722 4485 827 4547 possible
842 4492 869 4532 at
879 4486 933 4532 that
964 4487 1041 4533 which
1060 4487 1141 4534 Baiter
1160 4487 1218 4544 has;
1234 4487 1282 4534 and
1298 4488 1318 4534 it
1334 4502 1389 4549 may
1401 4486 1431 4534 ba
1441 4485 1549 4548 right-

349 4549 416 4606 time,
431 4565 459 4597 or
469 4550 523 4598 that
533 4550 616 4598 Cicero
626 4548 714 4597 should
729 4565 771 4612 say
781 4550 834 4598 that
847 4550 869 4597 it
884 4565 932 4598 ress
965 4551 1052 4616 ‘enirm
1063 4551 1105 4614 qui
1113 4552 1128 4599 ι’
1147 4550 1249 4616 ‘aequb’
1261 4552 1350 4600 Baiter.
