3517 5325
756 509 858 575 cAP.
882 510 935 578 37.
1377 512 1440 577 463

240 677 323 743 viuoi
337 684 394 741 aut
410 678 543 764 opprimi
557 678 670 765 possit.
714 679 749 743 Si
763 687 861 744 antea
883 679 1068 758 timuissem,
1081 686 1189 745 tamen
1207 681 1267 745 hae
1281 680 1438 762 contione,

239 776 300 840 hoo
309 776 434 861 populo,
450 783 537 840 oerte
551 798 616 839 non
624 797 759 841 vererer.
793 778 873 859 Quis
888 777 971 841 euim
986 799 1134 863 umquam
1146 784 1212 841 tam
1221 780 1360 842 secunda
1369 802 1441 843 oon·

239 874 328 939 tione
350 874 453 958 legem
474 873 633 959 agrariam
653 873 754 936 suasit
769 896 863 959 quam
882 896 942 961 ego
958 874 1115 939 dissuasit
1137 874 1164 937 si
1180 874 1241 937 hoo
1257 875 1441 942 dissuadere

239 980 300 1049 est,
316 994 354 1035 ao
368 970 432 1034 nori
447 970 627 1035 disturbare
641 979 736 1055 atque
752 981 943 1056 pervertere.
989 972 1042 1039 Ex
1057 992 1119 1057 quo
1134 970 1275 1057 intelligi,
1291 973 1441 1053 Quirites,

238 1076 357 1156 potest,
370 1068 447 1131 nihil
457 1091 527 1132 esse
537 1077 604 1133 tam
613 1069 764 1155 populare
779 1092 874 1156 quam
883 1070 915 1134 id
925 1071 1009 1155 quod
1020 1092 1080 1155 ego
1089 1070 1178 1134 vobis
1187 1070 1219 1134 in
1230 1071 1314 1135 hune
1324 1093 1442 1135 annum

240 1166 350 1232 oonsul
364 1165 525 1252 popularis
538 1167 646 1245 affero,
662 1189 782 1252 paoem,
798 1169 1071 1253 tranquillitatem,
1090 1169 1200 1233 otium.
1247 1168 1335 1249 Quae
1351 1170 1442 1235 uobis

241 1265 417 1349 designatis
431 1265 603 1342 timebatis,
619 1287 658 1329 ea
672 1288 713 1329 ne
728 1266 870 1329 accidere
885 1272 1015 1351 possent
1035 1267 1164 1331 oonsilio
1180 1289 1251 1331 meo
1266 1290 1303 1331 ae
1318 1268 1441 1332 ratione

239 1364 365 1449 provisa
379 1370 465 1427 sunt.
510 1362 585 1441 Non
607 1364 701 1433 modo
716 1386 773 1429 vos
787 1364 878 1429 eritis
893 1364 926 1427 in
941 1364 1018 1441 otio,
1042 1365 1094 1450 qui
1114 1386 1239 1451 semper
1253 1388 1323 1431 esse
1338 1366 1441 1430 volue-

239 1461 320 1535 ritis,
350 1482 459 1525 verum
486 1461 584 1525 etiam
608 1460 698 1540 istos,
728 1462 843 1546 quibus
872 1462 968 1527 otiosi
995 1463 1096 1527 otium
1121 1462 1314 1543 fecissemus,
1341 1486 1441 1549 aeque

240 1558 361 1622 otiosos
385 1558 525 1622 reddam.
572 1558 702 1623 Etenim
728 1560 789 1623 illis
811 1559 957 1637 honores,
973 1568 1163 1645 potestates,
1180 1560 1308 1625 divitiae
1330 1584 1369 1625 ex
1391 1570 1442 1626 tu·

239 1654 341 1719 multu
363 1663 460 1742 atque
481 1677 522 1719 ex
544 1655 792 1739 dusenmouibns
807 1657 922 1726 rivium
942 1657 1119 1745 comparari
1133 1658 1256 1723 solent:
1280 1680 1345 1736 vos,
1363 1681 1441 1745 quo·

239 1775 309 1817 rum
337 1752 444 1838 gratia
466 1752 499 1816 in
522 1753 680 1838 suffragiis
709 1754 866 1831 consistit,
897 1755 1028 1819 libertas
1057 1755 1089 1818 in
1119 1756 1250 1841 legibus,
1282 1756 1383 1821 honos
1409 1757 1442 1820 in

236 1850 366 1936 judiciis
394 1857 429 1914 et
457 1852 619 1936 aequitate
643 1852 898 1936 magistratum,
929 1874 981 1922 res
1005 1852 1168 1918 familiaris
1191 1853 1223 1917 in
1245 1876 1333 1939 pace,
1356 1854 1442 1918 omni

240 1948 363 2013 ratione
378 1948 479 2013 otium
502 1949 639 2015 retinere
659 1949 792 2014 debetis.
819 1947 856 2034 [⁵
1034 1952 1053 1987 ⁴*
1421 1952 1441 1991 ι·

1229 1950 1247 1987 d

450 2048 468 2084 0
835 2048 857 2088 st
1031 2051 1051 2090 Ι
1227 2050 1245 2087 0

1035 2149 1053 2183 0
1228 2149 1247 2189 Ι
1423 2148 1441 2185 d

449 2244 471 2284 0
1033 2245 1054 2285 1
1228 2246 1247 2285 Ι
1354 2262 1362 2275 =
1423 2246 1442 2285 Ι

642 2048 662 2088 Ο

448 2146 467 2183 δ
640 2148 660 2187 G

643 2243 664 2284 Ο

449 2340 468 2376 ⁸
645 2340 665 2375 θ

839 2140 877 2188 {⁹

840 2243 860 2284 1

840 2342 859 2377 1

1033 2341 1053 2382 0
1226 2341 1246 2382 ἱ
1423 2344 1442 2379 t

450 2438 471 2479 ³
645 2434 681 2522 ⁶]
744 2436 833 2511 ldem
872 2437 1008 2504 tribunis
1042 2436 1143 2523 plebis
1173 2436 1364 2513 denuntiavi,
1402 2461 1442 2503 ne

240 2534 316 2623 quid
338 2532 513 2599 turbulenti
535 2555 587 2597 me
608 2533 737 2597 consule
759 2533 945 2597 conflarent.
992 2534 1155 2597 Summum
1174 2542 1208 2599 et
1230 2534 1443 2600 firmissimum
1522 2596 1526 2603 .

240 2641 291 2698 est
316 2632 392 2696 illud
414 2631 634 2696 communibus
657 2630 794 2695 fortunis
815 2630 1015 2716 praesidium,
1033 2630 1182 2712 Quirites,
1206 2638 1243 2698 ut
1263 2632 1372 2718 quales
1387 2656 1442 2697 vos

240 2732 393 2798 hodierno
417 2731 467 2794 die
490 2730 627 2794 maxima
650 2730 796 2794 oontione
818 2730 894 2792 mihi
917 2752 975 2818 pro
998 2728 1100 2794 salute
1117 2739 1222 2794 vestra
1240 2733 1440 2818 praebuistis,

240 2831 322 2895 tales
344 2829 472 2914 reliquis
493 2827 690 2912 temporibus
712 2827 757 2890 rei
780 2827 924 2914 publicae
946 2827 1136 2914 praebeatis.
1183 2828 1248 2892 Pro
1268 2815 1356 2894 certo
1376 2831 1443 2916 pol'-

239 2929 336 2994 lieeor
349 2928 410 2990 hoo
427 2925 515 2990 vobis
536 2934 632 3011 atque
655 2925 805 2988 confirmo
828 2947 879 2988 me
902 2945 972 2988 esse
994 2925 1218 3012 perfecturum,
1240 2935 1277 2991 ut
1289 2927 1356 3014 jam
1372 2937 1442 2992 tan·

241 3025 314 3088 dem
328 3025 371 3088 illi
387 3025 440 3109 qui
455 3025 567 3087 honori
590 3023 769 3086 inviderunt
791 3043 872 3101 meo,
896 3029 1004 3087 tamen
1019 3044 1076 3090 vos
1091 3022 1253 3088 universos
1268 3025 1300 3088 in
1315 3025 1442 3090 consule

242 3123 407 3208 deligendo
422 3123 590 3208 plurimum
604 3122 721 3186 vidisse
735 3121 907 3186 fateantur.

273 3299 471 3360 umerorum,
495 3312 535 3345 ree
554 3295 707 3358 familiaria]
733 3295 824 3344 lauro
856 3295 1179 3358 meorumnam
1196 3298 1266 3348 make
1281 3299 1348 3348 thern
1364 3300 1442 3358 ont,l

242 3361 327 3411 dauns
360 3361 385 3410 lt
406 3362 427 3410 is
445 3366 489 3410 not
507 3362 540 3410 all
557 3359 663 3410 Cioero'a
680 3367 740 3409 text
772 3361 826 3408 The
858 3360 919 3409 have
929 3361 1000 3424 gu'rau
1011 3361 1031 3410 it
1045 3377 1061 3408 ιι
1083 3363 1153 3420 ;and
1170 3363 1212 3411 the
1229 3364 1311 3412 render
1326 3372 1391 3416 must
1407 3366 1442 3414 fill

242 3425 653 3489 Mssrreoorruptinrhisplaoe.
686 3425 740 3473 'lha
749 3425 827 3472 whole
859 3441 893 3487 up
904 3425 947 3473 the
958 3441 1005 3488 gap
1021 3377 1079 3473 with
1097 3427 1198 3475 Baiter's
1216 3435 1274 3486 text,
1287 3430 1364 3478 which
1381 3431 1402 3478 is
1417 3426 1443 3479 fir

242 3493 380 3554 peroration
391 3491 434 3539 bas
445 3491 507 3540 beau
518 3492 610 3554 spoiled
624 3492 650 3538 in
661 3491 704 3540 the
714 3491 826 3552 copying.
859 3491 909 3538 this
920 3501 985 3538 note.
1020 3490 1032 3538 1
1043 3491 1076 3538 do
1087 3499 1131 3540 not
1145 3494 1232 3540 choose
1243 3499 1269 3540 to
1285 3496 1351 3556 print
1364 3496 1389 3542 ln
1400 3496 1443 3543 the

242 3555 295 3604 'lhe
312 3556 433 3616 following
443 3563 555 3604 seutenoa
571 3558 592 3604 ia
608 3556 641 3604 all
657 3557 683 3602 in
699 3556 826 3602 oonfusion
857 3561 910 3604 tert
921 3569 935 3602 a
945 3556 1012 3616 pieoe
1023 3555 1052 3604 of
1063 3557 1164 3606 modern
1176 3557 1314 3620 patehworlr
1328 3561 1376 3608 aud
1387 3575 1443 3624 pesa

241 3620 267 3666 in
278 3620 320 3666 the
330 3619 413 3674 MSS..
424 3621 472 3666 and
488 3621 530 3668 the
546 3621 624 3667 critiea
642 3620 701 3667 have
718 3619 765 3666 had
781 3619 826 3665 full
856 3621 877 3667 it
888 3619 923 3666 off
931 3619 969 3666 for
979 3620 1071 3667 Cioero.

259 3684 306 3744 lay.
340 3684 395 3730 One
405 3682 464 3750 daea
478 3690 523 3732 not
532 3684 602 3732 know
612 3684 677 3731 what
688 3689 715 3730 to
725 3683 757 3731 do
767 3683 826 3730 with
894 3683 999 3732 Cioero'a
1016 3683 1137 3746 oosseagua
1150 3699 1198 3732 vna
1214 3685 1241 3734 C.
1256 3686 1376 3736 Antonius
1390 3689 1442 3750 lly-

241 3698 270 3794 ih.
304 3745 724 3807 loopythewholeasitstaudsin
736 3747 825 3802 Baiter,
857 3743 934 3804 bride,
954 3747 982 3794 of
1000 3747 1081 3794 whom
1103 3763 1138 3794 we
1157 3749 1212 3796 read
1234 3751 1327 3810 assood
1345 3751 1397 3800 deal
1416 3753 1442 3799 in

242 3810 344 3856 without
360 3809 440 3871 giving
456 3811 498 3858 the
513 3811 634 3871 authority
645 3812 682 3858 lor
698 3809 757 3857 each
774 3825 826 3856 tnr-
859 3811 952 3858 Cicero.
987 3811 1027 3858 lle
1045 3825 1094 3858 was
1114 3811 1251 3859 afterwards
1274 3815 1401 3874 prooonsul
1418 3815 1446 3862 of

241 3875 348 3924 rectione
366 3873 488 3921 “Nomai
504 3875 529 3932 ii,
541 3876 583 3936 qui
599 3880 697 3936 propter
711 3873 827 3921 desidiam
859 3874 1011 3922 Macedonia.
1046 3873 1086 3922 lle
1102 3890 1149 3922 war
1165 3876 1208 3924 the
1230 3891 1274 3924 son
1296 3877 1324 3924 of
1338 3894 1353 3924 a
1370 3879 1442 3926 noble

241 3939 268 3986 in
287 3939 336 3986 otio
351 3938 442 3995 vivunt,
460 3943 542 3985 tamen
557 3939 583 3986 in
600 3953 643 3984 rua
659 3938 724 4000 turpi
739 3938 825 3984 inertia
857 3938 943 3994 father,
955 3938 997 3986 the
1010 3944 1090 3985 orator
1107 3938 1142 3986 M.
1160 3941 1288 4002 Antonius,
1299 3941 1372 3990 buta
1394 3943 1442 3990 dis-

242 4004 340 4066 eapiuut
351 4003 499 4065 voluptatem
516 4018 545 4050 ex
558 4003 612 4064 ipso
628 4003 687 4056 otio,
699 4016 771 4063 quam
782 4016 825 4048 voa
857 4001 945 4049 honest
963 4002 1102 4050 scaudalous
1119 4001 1206 4059 follow,
1222 4005 1269 4051 and
1283 4005 1366 4053 Cicero
1386 4007 1440 4057 well

241 4068 356 4116 fortunati
367 4068 441 4123 eritis,
458 4067 553 4114 aihune
563 4071 653 4114 statum
665 4081 736 4128 quern
753 4065 826 4112 habe·
859 4066 929 4112 knew
940 4066 966 4112 ir.
1002 4067 1042 4113 He
1061 4067 1130 4114 made
1148 4083 1163 4114 a
1178 4069 1288 4116 ooalition
1300 4071 1356 4116 with
1376 4071 1446 4118 cari-¹

240 4133 281 4190 ria,
292 4149 342 4180 non
353 4133 447 4194 ignavia
457 4132 600 4194 quaesitum,
614 4130 656 4178 sed
673 4131 762 4177 virtuto
771 4144 826 4191 par·
858 4129 916 4185 line,
927 4131 995 4178 when
1008 4131 1038 4178 be
1048 4131 1095 4178 and
1109 4131 1211 4180 Caulius
1222 4133 1268 4181 and
1285 4134 1370 4182 Cioero
1381 4150 1443 4182 ware

240 4202 294 4245 tum
316 4197 456 4246 tenueritis:
485 4195 550 4258 quod
571 4210 616 4257 ego
636 4209 667 4242 ea
692 4194 825 4251 eoncordia,
858 4195 1012 4256 oompstitors
1023 4195 1059 4242 for
1073 4195 1277 4259 thaoonanlship;
1297 4199 1344 4246 and
1358 4199 1442 4246 Cioero

240 4277 313 4324 qnam
330 4262 389 4308 mihi
400 4261 514 4308 constitui
530 4275 585 4307 oum
597 4260 695 4322 oollegn,
711 4259 825 4306 invitissi·
858 4259 949 4306 abused
960 4260 1020 4306 both
1032 4260 1060 4308 of
1070 4261 1136 4308 them
1149 4263 1201 4309 well
1213 4264 1237 4308 in
1249 4263 1286 4310 his
1298 4264 1399 4311 Oratiou
1411 4264 1442 4312 ln

240 4328 287 4374 mia
297 4328 326 4373 tis
334 4325 478 4382 hominibus,
491 4326 533 4388 qui
547 4339 592 4372 nos
602 4326 632 4371 ia
645 4323 826 4371 aemulamini·
858 4322 926 4384 Tog-
937 4325 1053 4382 Caudlda,
1060 4325 1148 4373 Asson.
1161 4341 1185 4388 p.
1197 4329 1237 4383 8³,
1249 4327 1286 4374 ed.
1299 4329 1381 4375 Orelli.

241 4391 382 4438 miciasimos
399 4391 474 4447 fore†
489 4389 582 4438 actibus
598 4389 691 4452 providi
712 4387 825 4436 omuibus
890 4403 920 4435 se
931 4389 1002 4452 quid]
1023 4387 1084 4438 'ne'
1102 4405 1150 4438 was
1164 4391 1241 4439 added
1258 4392 1290 4454 by
1306 4391 1441 4440 Turnebus.

241 4456 353 4567 prffiffixi
371 4453 682 4568 'tthwsswrhhhhinmhekr
696 4453 825 4566 3⁰1⁸ss
857 4451 964 4565 tipum:
977 4453 1068 4513 'forta'
1081 4455 1212 4517 ‘perhaps’
1247 4456 1271 4505 lt
1281 4463 1395 4506 soemsto
1411 4455 1442 4505 be

241 4533 271 4567 ex
315 4535 323 4568 r
344 4535 371 4567 ur
409 4534 424 4568 e
494 4533 522 4567 ιο
615 4534 631 4581 g
674 4533 690 4564 e
954 4551 960 4566 .
