3517 5325
364 479 407 544 86
680 472 813 539 ORAT.
839 471 930 537 PRO
954 471 1060 538 SEX.
1083 469 1248 537 Rosolo

365 669 465 734 ecqua
486 645 623 712 facultas
645 644 837 730 suscipiendi
858 642 1004 708 maleficii
1028 642 1133 708 luerit.
1181 642 1249 706 Ubi
1274 641 1399 708 occisus
1419 651 1471 710 est
1486 645 1563 710 Sex.

365 747 522 810 Roscius?
555 745 686 808 Romae.
729 743 822 823 Quid,
839 751 885 822 tu,
904 742 1009 819 Rosci,
1028 742 1083 805 ubi
1099 749 1175 806 tuuc
1190 741 1283 806 eras?
1321 741 1452 806 Itomae.
1500 743 1566 807 Ve-

363 866 434 908 rum
453 844 528 929 quid
542 843 584 906 ad
606 843 693 908 reml
715 851 749 908 et
775 842 828 906 alii
850 841 952 905 multi.
999 840 1098 920 Quasi
1123 861 1208 903 nunc
1233 839 1266 903 id
1288 846 1413 926 agatur,
1440 841 1510 926 quis
1525 863 1566 906 ex

363 952 456 1010 tanta
469 943 671 1008 multitudine
685 941 846 1019 occiderit,
861 963 900 1005 ac
915 963 979 1004 non
1001 940 1062 1004 hoc
1082 946 1263 1026 quaeratur,
1279 961 1353 1002 eum
1374 938 1428 1025 qui
1444 939 1567 1004 Rornae

363 1043 405 1107 sit
420 1042 543 1106 occisus
557 1051 667 1105 utrum
681 1040 746 1104 veri
757 1039 889 1103 similius
904 1039 948 1103 sit
969 1038 1009 1102 ab
1029 1060 1067 1102 eo
1089 1059 1160 1102 esse
1182 1037 1331 1112 occisum,
1349 1038 1403 1123 qui
1418 1039 1566 1103 assiduus

363 1161 401 1203 eo
416 1147 559 1224 tempore
575 1139 697 1203 Romae
717 1137 822 1211 fuerit,
838 1159 880 1200 an
901 1137 942 1200 ab
969 1158 1006 1200 eo
1029 1135 1083 1221 qui
1104 1134 1212 1200 multis
1236 1135 1328 1198 annis
1348 1135 1484 1200 Romam
1501 1159 1566 1200 om-

362 1237 436 1300 nino
450 1259 515 1301 non
529 1237 713 1301 accesserit.
758 1236 832 1320 Age
847 1256 931 1298 nunc
946 1241 1070 1298 ceteras
1091 1231 1261 1298 facultates
1283 1255 1408 1318 quoque
1425 1233 1566 1299 conside-

362 1357 478 1401 remus.
536 1335 620 1399 Erat
644 1343 714 1399 tum
737 1333 909 1397 multitudo
933 1333 1127 1407 sicariorum,
1156 1330 1188 1394 id
1199 1331 1284 1415 quod
1307 1332 1568 1398 commemorarit

364 1433 510 1510 Erucius,
542 1441 576 1498 et
605 1432 751 1496 homines
774 1432 901 1517 impune
925 1431 1162 1496 occidebantur.
1214 1428 1307 1509 Quid,
1335 1451 1373 1494 ea
1395 1432 1566 1496 multitudo

362 1555 442 1618 quae
457 1535 551 1596 eratt
595 1530 725 1616 Opinor,
751 1537 809 1594 aut
832 1552 941 1594 eorum
967 1529 1019 1615 qui
1044 1529 1077 1592 in
1102 1527 1194 1592 bonis
1227 1535 1319 1593 eraut
1333 1531 1491 1614 occupati,
1507 1539 1566 1596 aut

363 1653 472 1694 eorum
487 1629 541 1714 qui
556 1629 650 1693 abiis
666 1629 921 1694 conducebantur
932 1635 970 1692 ut
984 1628 1120 1713 aliquem
1130 1626 1323 1692 occiderent.
1355 1627 1389 1691 Si
1405 1649 1460 1692 eos
1469 1635 1566 1714 putas

361 1727 416 1812 qui
429 1727 567 1791 alienum
591 1726 796 1811 appetebant,
822 1732 859 1789 tu
883 1747 918 1789 es
943 1726 976 1789 in
1001 1748 1039 1790 eo
1063 1746 1202 1804 numero,
1228 1724 1281 1810 qui
1306 1731 1417 1790 nostra
1431 1727 1566 1810 pecunia

362 1824 450 1888 dives
463 1846 517 1897 es;
542 1823 591 1887 sin
606 1845 661 1887 eos
675 1845 755 1908 quos
768 1823 822 1908 qui
836 1823 951 1887 leviore
966 1825 1092 1887 nomine
1106 1823 1268 1909 appellant
1290 1845 1495 1908 percussores
1509 1847 1564 1890 vo·

361 1929 445 1998 cant,
462 1943 577 2007 quaere
592 1921 624 1985 in
641 1922 733 2006 cujus
746 1921 809 1986 fide
823 1921 889 1986 sint
908 1929 942 1986 et
964 1921 1128 1996 clientela;
1155 1921 1231 1985 mihi
1253 1921 1355 2000 crede,
1372 1922 1508 2008 aliquem
1523 1925 1564 1988 de

360 2020 516 2084 societate
529 2026 588 2083 tua
601 2019 760 2104 reperies;
777 2027 811 2084 et
826 2019 977 2105 quidquid
991 2027 1027 2083 tu
1043 2026 1156 2083 contra
1170 2019 1295 2098 dixeris,
1320 2020 1352 2083 id
1368 2042 1440 2084 cum
1456 2020 1562 2086 defen-

361 2117 450 2183 sione
464 2126 576 2182 nostra
589 2117 791 2182 contendito:
816 2118 862 2182 ita
885 2117 1030 2182 facillime
1055 2139 1169 2182 caussa
1194 2117 1268 2182 Sex.
1285 2117 1395 2182 Roscii
1417 2141 1489 2182 cum
1505 2128 1563 2186 tua

361 2217 550 2281 conferetur.
595 2216 709 2281 Dices:
736 2215 820 2297 Quid
835 2225 957 2302 postea,
973 2217 1000 2280 si
1017 2216 1137 2280 Romae
1151 2217 1298 2280 assiduus
1314 2215 1382 2281 fuit
1419 2217 1562 2303 Respon-

360 2315 459 2379 debo:
485 2314 535 2378 At
547 2335 607 2400 ego
622 2315 749 2379 omnino
770 2337 834 2379 non
855 2315 911 2378 lui.
958 2314 1077 2380 Fateor
1098 2337 1148 2378 me
1171 2320 1325 2379 sectorem
1341 2337 1429 2390 esse;
1455 2337 1563 2380 vemm

360 2420 395 2477 et
409 2412 462 2476 alii
476 2413 577 2477 multi.
623 2413 673 2477 At
687 2435 755 2500 ego,
782 2420 819 2478 ut
842 2421 913 2478 tute
937 2412 1054 2498 arguis,
1081 2413 1220 2498 agricola
1245 2420 1280 2477 et
1294 2414 1443 2478 rusticus.
1489 2413 1563 2479 Non

360 2510 519 2588 continuo,
536 2511 563 2575 si
577 2533 630 2576 me
654 2511 687 2575 in
710 2534 841 2599 gregem
863 2511 1050 2576 sicariorum
1076 2510 1204 2588 contuli,
1232 2533 1303 2575 sum
1325 2512 1468 2577 sicarius.
1513 2514 1563 2576 At

360 2631 420 2696 ego
434 2609 589 2696 prolecto,
606 2610 659 2696 qui
673 2632 714 2675 ne
728 2609 801 2674 nori
816 2609 943 2695 quidem
959 2630 1146 2695 quemquam
1168 2608 1323 2687 sicarium,
1341 2610 1434 2697 louge
1449 2611 1563 2675 absum

359 2710 401 2773 ab
416 2709 570 2793 ejusmodi
586 2708 725 2773 crimine.
771 2708 937 2773 Permulta
959 2714 1035 2772 sunt
1062 2728 1142 2793 quae
1169 2707 1230 2771 dici
1257 2716 1389 2793 possunt
1404 2731 1501 2794 quare
1515 2709 1563 2773 iu·

358 2806 522 2892 telligatur
535 2830 691 2871 summam
705 2806 764 2872 tibi
779 2808 964 2872 facultatem
978 2806 1076 2870 luisse
1084 2806 1231 2870 maleficii
1246 2806 1434 2891 suscipiendi
1449 2833 1456 2886 ;
1479 2829 1561 2893 quac

358 2928 422 2970 non
437 2906 531 2969 modo
546 2906 665 2971 idcirco
690 2913 865 2989 praetereo,
894 2905 978 2990 quod
1002 2912 1035 2969 te
1060 2904 1164 2990 ipsum
1187 2926 1250 2967 non
1273 2904 1408 2969 libenter
1433 2927 1559 2984 accuso,

359 3026 467 3068 verum
478 3026 517 3067 eo
531 3003 635 3088 magis
644 3003 749 3079 etiam,
767 3003 861 3088 quod,
878 3002 957 3066 side
971 3002 1031 3067 illis
1041 3002 1191 3067 caedibus
1203 3000 1294 3065 velim
1304 3024 1561 3081 commemorare,

359 3124 441 3187 quae
455 3109 524 3166 tum
538 3102 641 3166 factas
656 3108 733 3165 sunt
748 3100 812 3164 ista
827 3100 937 3164 eadem
960 3100 1084 3165 ratione
1107 3122 1170 3187 qua
1193 3099 1267 3165 Sex.
1285 3099 1422 3165 Roscius
1436 3102 1561 3167 occisus

359 3206 419 3275 est,
436 3222 545 3263 vereor
559 3221 600 3262 ne
613 3200 655 3262 ad
670 3197 775 3281 plures
789 3196 892 3261 oratio
906 3218 978 3261 mea
991 3198 1151 3283 pertinere
1166 3196 1322 3263 videatur.

404 3295 585 3359 XXXIV.
609 3295 785 3359 Videamus
825 3317 908 3359 nuuc
944 3296 1090 3374 strictim,
1119 3296 1203 3363 sicut
1229 3303 1346 3377 cetera,
1375 3319 1457 3383 quae
1485 3303 1562 3382 post

357 3399 493 3456 mortem
509 3393 583 3457 Sex.
600 3393 710 3458 Roscii
723 3395 782 3457 abs
795 3400 838 3471 te,
867 3391 905 3457 T.
931 3392 1037 3473 Rosci,
1063 3394 1259 3461 factasunt:
1285 3418 1365 3481 quae
1386 3396 1433 3459 ita
1447 3402 1562 3481 aperta

358 3496 393 3555 et
407 3490 576 3555 manifesta
590 3498 666 3555 sunt
680 3497 718 3555 ιιι
732 3491 958 3570 mediusfidius,
978 3492 1110 3577 judices,
1136 3494 1254 3558 inritus
1279 3514 1318 3557 ea
1333 3494 1445 3557 dicam.
1492 3492 1559 3557 Ve-

358 3610 430 3652 reor
444 3588 537 3663 enim,
552 3587 740 3653 cuicuimodi
754 3610 798 3667 es,
816 3589 855 3653 Τ.
871 3589 977 3668 Rosci,
994 3614 1034 3656 ne
1049 3592 1095 3655 ita
1116 3591 1200 3656 hunc
1223 3590 1329 3655 videar
1343 3591 1478 3655 voluisse
1493 3614 1561 3656 ser-

358 3708 432 3752 vare
446 3694 483 3752 ut
496 3686 555 3752 tibi
579 3686 705 3751 omnino
730 3708 794 3750 non
819 3688 1028 3773 pepercerim.
1074 3689 1179 3770 Quum
1204 3690 1264 3753 hoc
1290 3710 1400 3753 vereor
1414 3695 1449 3754 et
1464 3688 1559 3774 cupio

389 3914 430 3963 33.
441 3914 468 3961 ia
475 3914 708 3977 boam-occupem
729 3915 838 3978 ‘anyin
845 3916 938 3978 getting
971 3928 997 3963 so
1008 3930 1035 3964 as
1046 3920 1072 3963 to
1082 3918 1127 3977 put
1138 3915 1210 3963 much
1220 3914 1246 3961 ln
1257 3930 1272 3963 a
1283 3914 1353 3963 small
1363 3928 1481 3976 compass.

356 3978 428 4026 other
437 3979 516 4027 rnen's
530 3978 700 4042 property.'-·
709 3981 756 4029 fide
766 3988 791 4028 et
801 3980 912 4029 clientela
920 3980 938 4027 ι’
1002 3980 1188 4041 mediusfidiffl
1208 3980 1304 4043 Among
1313 3980 1355 4027 the
1366 3978 1471 4041 singular
1481 3977 1558 4027 forms

356 4043 486 4091 mancos
492 4043 521 4091 of
527 4042 635 4093 Caesar’s
643 4046 800 4107 expressions
836 4044 940 4093 ‘Infids
971 4044 1000 4091 oi
1011 4045 1147 4106 expression
1158 4046 1184 4091 in
1194 4045 1236 4092 the
1248 4044 1319 4092 latio
1335 4045 1452 4105 language
1463 4058 1503 4090 ara
1513 4042 1559 4090 the

280 4136 284 4142 ‚
356 4107 423 4157 aase'
441 4123 523 4155 means
537 4113 563 4155 to
577 4124 628 4155 owe
643 4110 781 4171 dkgisnce,
791 4114 818 4157 tu
832 4109 863 4157 bc
880 4109 939 4157 obe·
971 4108 1046 4156 forms
1057 4108 1146 4157 ofoath
1157 4124 1185 4157 or
1196 4110 1286 4157 solemn
1298 4108 1466 4165 casarea-atlon,
1478 4106 1558 4155 which

357 4172 425 4221 dieat
435 4172 476 4235 (B.
486 4173 558 4221 Gai.
568 4173 640 4221 avit
651 4172 939 4236 t).-‘cumdesenslone
972 4188 1012 4220 are
1029 4174 1110 4236 nearly
1129 4174 1161 4222 all
1178 4174 1298 4239 elliptical.
1335 4173 1419 4221 Cicero
1435 4172 1556 4235 preferred

356 4244 440 4285 nocua
457 4236 623 4285 contenditor'
644 4243 770 4299 ‘compare
786 4254 815 4286 or
833 4242 939 4287 00th
973 4238 1136 4287 ‘mehercule'
1160 4245 1185 4287 to
1208 4238 1389 4295 ‘mehercules'
1409 4237 1486 4284 which
1503 4238 1524 4284 is
1541 4252 1558 4284 a

355 4302 413 4348 with
432 4316 476 4350 our
497 4300 653 4349 defeuoc.'—‘
662 4304 782 4365 pertinere
803 4302 937 4351 rideaturr’
970 4304 1066 4365 partos
1083 4304 1125 4351 the
1140 4305 1242 4365 genuine
1253 4303 1314 4351 form
1334 4303 1382 4349 ‘ita
1397 4302 1557 4350 mehercules

357 4364 629 4426 ‘maybeconsideredtc
637 4368 709 4429 apply
718 4374 743 4415 to
751 4374 840 4429 agreat
847 4368 937 4429 many!
968 4367 1046 4430 juret'
1059 4367 1123 4431 (Vol.
1138 4370 1158 4416 l.
1168 4370 1236 4416 Verr.
1246 4369 1270 4415 ii.
1280 4371 1303 4416 4.
1316 4382 1336 4414 c.
1346 4366 1395 4429 lt).
1429 4370 1436 4393 ‘
1446 4366 1556 4415 Medius-

356 4427 388 4477 In
398 4444 419 4475 c.
431 4431 471 4485 36,
484 4430 529 4477 ‘ad
540 4446 613 4492 quem
624 4432 766 4479 maleficium
775 4432 922 4495 pertineret!
970 4433 1054 4481 fidius'
1066 4434 1087 4481 is
1099 4434 1147 4481 ‘lta
1157 4449 1196 4481 ms
1207 4432 1265 4479 deus
1276 4434 1346 4481 lidius
1355 4430 1440 4493 juvet!

387 4494 428 4540 34.
450 4495 578 4553 strictim]
624 4494 707 4544 Cicero
726 4498 791 4557 joina
807 4498 856 4546 this
872 4498 937 4546 word
1002 4498 1161 4561 cuicuimodi]
1195 4497 1250 4543 Vol.
1271 4497 1291 4543 1.
1310 4497 1379 4543 Verr.
1394 4497 1419 4543 ii.
1436 4500 1460 4543 5.
1475 4511 1496 4543 c.
1511 4496 1555 4543 41.

355 4557 412 4604 with
442 4556 575 4604 ‘breviter'
602 4558 628 4605 in
657 4561 758 4609 another
779 4562 846 4623 place
876 4562 935 4623 (Pro
967 4562 1043 4611 Orelli
1055 4578 1116 4625 says,
1138 4563 1185 4610 'sic
1199 4577 1212 4608 e
1225 4562 1344 4609 Prisciano
1358 4576 1383 4623 p.
1397 4560 1554 4611 91593-ἰο-

353 4620 561 4685 Cluentio,cl⁰).
590 4622 934 4690 ‘Sh'ictim'meaus‘closely,’
968 4626 1125 4675 nit..oris='
1144 4626 1343 4684 l’roQu'mtio,c.
1356 4630 1380 4675 2.
