<?xml version="1.0" encoding="UTF-8"?>
<!DOCTYPE html PUBLIC "-//W3C//DTD XHTML 1.0 Transitional//EN"
    "http://www.w3.org/TR/xhtml1/DTD/xhtml1-transitional.dtd">
<html xmlns="http://www.w3.org/1999/xhtml" xml:lang="en" lang="en">
 <head>
  <title>
</title>
<meta http-equiv="Content-Type" content="text/html;charset=utf-8" />
  <meta name='ocr-system' content='tesseract 3.04.00' />
  <meta name='ocr-capabilities' content='ocr_page ocr_carea ocr_par ocr_line ocrx_word'/>
</head>
<body>
  <div class='ocr_page' id='page_1' title='image "./mtulliiciceroni02longgoog/mtulliiciceroni02longgoog_0190.png"; bbox 0 0 3517 5325; ppageno 0'>
   <div class='ocr_carea' id='block_1_1' title="bbox 713 471 1444 556">
    <p class='ocr_par' dir='ltr' id='par_1_1' title="bbox 713 471 1444 556">
     <span class='ocr_line' id='line_1_1' title="bbox 713 471 1444 556; baseline 0.008 -20"><span class='ocrx_word' id='word_1_1' title='bbox 713 471 815 540; x_wconf 82' lang='lat' dir='ltr'>uAP.</span> <span class='ocrx_word' id='word_1_2' title='bbox 839 475 977 544; x_wconf 81' lang='grc'><strong>15-17.</strong></span> <span class='ocrx_word' id='word_1_3' title='bbox 1383 489 1444 556; x_wconf 76' lang='lat'>179</span> 
     </span>
    </p>
   </div>
   <div class='ocr_carea' id='block_1_2' title="bbox 237 639 1469 2596">
    <p class='ocr_par' dir='ltr' id='par_1_2' title="bbox 237 639 1469 1712">
     <span class='ocr_line' id='line_1_2' title="bbox 238 639 1444 736; baseline 0.013 -32"><span class='ocrx_word' id='word_1_4' title='bbox 238 639 296 706; x_wconf 91' lang='lat' dir='ltr'>isti</span> <span class='ocrx_word' id='word_1_5' title='bbox 314 639 430 706; x_wconf 89' lang='lat' dir='ltr'>minaci</span> <span class='ocrx_word' id='word_1_6' title='bbox 453 647 551 727; x_wconf 87' lang='lat' dir='ltr'>atque</span> <span class='ocrx_word' id='word_1_7' title='bbox 572 643 735 728; x_wconf 76' lang='lat' dir='ltr'><strong>arroganti</strong></span> <span class='ocrx_word' id='word_1_8' title='bbox 759 665 819 730; x_wconf 88' lang='lat' dir='ltr'>par</span> <span class='ocrx_word' id='word_1_9' title='bbox 840 645 874 710; x_wconf 90' lang='lat' dir='ltr'>in</span> <span class='ocrx_word' id='word_1_10' title='bbox 896 645 1111 732; x_wconf 81' lang='lat' dir='ltr'>belligerendo</span> <span class='ocrx_word' id='word_1_11' title='bbox 1126 672 1197 714; x_wconf 89' lang='lat' dir='ltr'>esse</span> <span class='ocrx_word' id='word_1_12' title='bbox 1212 651 1335 736; x_wconf 69' lang='lat' dir='ltr'>possit,</span> <span class='ocrx_word' id='word_1_13' title='bbox 1360 657 1444 720; x_wconf 88' lang='lat' dir='ltr'>exci-</span> 
     </span>
     <span class='ocr_line' id='line_1_3' title="bbox 238 740 1445 838; baseline 0.012 -32"><span class='ocrx_word' id='word_1_14' title='bbox 238 741 359 806; x_wconf 89' lang='lat' dir='ltr'>tandus</span> <span class='ocrx_word' id='word_1_15' title='bbox 374 740 433 804; x_wconf 82' lang='lat' dir='ltr'>Gn.</span> <span class='ocrx_word' id='word_1_16' title='bbox 449 740 611 804; x_wconf 73' lang='lat' dir='ltr'><strong>Domitius</strong></span> <span class='ocrx_word' id='word_1_17' title='bbox 624 749 659 806; x_wconf 90' lang='lat' dir='ltr'>et</span> <span class='ocrx_word' id='word_1_18' title='bbox 675 743 714 823; x_wconf 62' lang='lat' dir='ltr'>Q,</span> <span class='ocrx_word' id='word_1_19' title='bbox 732 742 904 821; x_wconf 77' lang='lat' dir='ltr'>Maximus,</span> <span class='ocrx_word' id='word_1_20' title='bbox 927 745 981 830; x_wconf 92' lang='lat' dir='ltr'>qui</span> <span class='ocrx_word' id='word_1_21' title='bbox 1001 747 1162 811; x_wconf 89' lang='lat' dir='ltr'>nationem</span> <span class='ocrx_word' id='word_1_22' title='bbox 1178 749 1388 838; x_wconf 85' lang='lat' dir='ltr'>Allobrogum</span> <span class='ocrx_word' id='word_1_23' title='bbox 1411 766 1445 820; x_wconf 92' lang='lat' dir='ltr'>et</span> 
     </span>
     <span class='ocr_line' id='line_1_4' title="bbox 237 838 1444 933; baseline 0.01 -30"><span class='ocrx_word' id='word_1_24' title='bbox 237 838 378 924; x_wconf 88' lang='lat' dir='ltr'>reliquas</span> <span class='ocrx_word' id='word_1_25' title='bbox 391 838 459 902; x_wconf 91' lang='lat' dir='ltr'>suis</span> <span class='ocrx_word' id='word_1_26' title='bbox 473 839 589 903; x_wconf 86' lang='lat' dir='ltr'>iterum</span> <span class='ocrx_word' id='word_1_27' title='bbox 612 839 709 904; x_wconf 88' lang='lat' dir='ltr'>armis</span> <span class='ocrx_word' id='word_1_28' title='bbox 731 841 881 907; x_wconf 89' lang='lat' dir='ltr'>conficiat</span> <span class='ocrx_word' id='word_1_29' title='bbox 895 851 993 928; x_wconf 90' lang='lat' dir='ltr'>atque</span> <span class='ocrx_word' id='word_1_30' title='bbox 1009 843 1185 928; x_wconf 87' lang='lat' dir='ltr'>opprimat:</span> <span class='ocrx_word' id='word_1_31' title='bbox 1210 855 1277 924; x_wconf 90' lang='lat' dir='ltr'>aut,</span> <span class='ocrx_word' id='word_1_32' title='bbox 1295 851 1444 933; x_wconf 89' lang='lat' dir='ltr'>quoniam</span> 
     </span>
     <span class='ocr_line' id='line_1_5' title="bbox 238 935 1443 1022; baseline 0.011 -22"><span class='ocrx_word' id='word_1_33' title='bbox 238 936 273 1000; x_wconf 91' lang='lat' dir='ltr'>id</span> <span class='ocrx_word' id='word_1_34' title='bbox 295 935 423 1022; x_wconf 90' lang='lat' dir='ltr'>quidem</span> <span class='ocrx_word' id='word_1_35' title='bbox 446 957 509 1000; x_wconf 91' lang='lat' dir='ltr'>non</span> <span class='ocrx_word' id='word_1_36' title='bbox 532 945 649 1022; x_wconf 87' lang='lat' dir='ltr'>potest,</span> <span class='ocrx_word' id='word_1_37' title='bbox 665 939 805 1004; x_wconf 86' lang='lat' dir='ltr'>orandus</span> <span class='ocrx_word' id='word_1_38' title='bbox 827 939 890 1004; x_wconf 90' lang='lat' dir='ltr'>erit</span> <span class='ocrx_word' id='word_1_39' title='bbox 913 941 1005 1004; x_wconf 91' lang='lat' dir='ltr'>nobis</span> <span class='ocrx_word' id='word_1_40' title='bbox 1027 943 1148 1006; x_wconf 89' lang='lat' dir='ltr'>amicus</span> <span class='ocrx_word' id='word_1_41' title='bbox 1168 966 1266 1021; x_wconf 84' lang='lat' dir='ltr'>meus,</span> <span class='ocrx_word' id='word_1_42' title='bbox 1286 945 1334 1010; x_wconf 91' lang='lat' dir='ltr'>M.</span> <span class='ocrx_word' id='word_1_43' title='bbox 1352 949 1443 1013; x_wconf 86' lang='lat' dir='ltr'>Plae-</span> 
     </span>
     <span class='ocr_line' id='line_1_6' title="bbox 238 1036 1444 1120; baseline 0.01 -20"><span class='ocrx_word' id='word_1_44' title='bbox 238 1036 351 1114; x_wconf 87' lang='lat' dir='ltr'>torius,</span> <span class='ocrx_word' id='word_1_45' title='bbox 367 1045 406 1102; x_wconf 91' lang='grc' dir='ltr'>ιιι</span> <span class='ocrx_word' id='word_1_46' title='bbox 427 1057 502 1100; x_wconf 89' lang='lat' dir='ltr'>suos</span> <span class='ocrx_word' id='word_1_47' title='bbox 519 1059 618 1102; x_wconf 88' lang='lat' dir='ltr'>novos</span> <span class='ocrx_word' id='word_1_48' title='bbox 639 1037 772 1102; x_wconf 86' lang='lat' dir='ltr'>clientes</span> <span class='ocrx_word' id='word_1_49' title='bbox 794 1060 816 1104; x_wconf 91' lang='lat' dir='ltr'>a</span> <span class='ocrx_word' id='word_1_50' title='bbox 838 1039 921 1104; x_wconf 90' lang='lat' dir='ltr'>bello</span> <span class='ocrx_word' id='word_1_51' title='bbox 936 1041 1081 1106; x_wconf 83' lang='lat' dir='ltr'>iaciendo</span> <span class='ocrx_word' id='word_1_52' title='bbox 1096 1043 1267 1120; x_wconf 84' lang='lat' dir='ltr'>deterreat,</span> <span class='ocrx_word' id='word_1_53' title='bbox 1283 1054 1319 1110; x_wconf 91' lang='lat' dir='ltr'>ut</span> <span class='ocrx_word' id='word_1_54' title='bbox 1334 1069 1444 1113; x_wconf 91' lang='lat' dir='ltr'>eorum</span> 
     </span>
     <span class='ocr_line' id='line_1_7' title="bbox 239 1133 1443 1224; baseline 0.01 -26"><span class='ocrx_word' id='word_1_55' title='bbox 239 1133 342 1199; x_wconf 87' lang='lat' dir='ltr'>iratos</span> <span class='ocrx_word' id='word_1_56' title='bbox 365 1134 489 1198; x_wconf 89' lang='lat' dir='ltr'>animos</span> <span class='ocrx_word' id='word_1_57' title='bbox 514 1142 612 1220; x_wconf 91' lang='lat' dir='ltr'>atque</span> <span class='ocrx_word' id='word_1_58' title='bbox 637 1135 803 1202; x_wconf 84' lang='lat' dir='ltr'>horribiles</span> <span class='ocrx_word' id='word_1_59' title='bbox 825 1137 965 1224; x_wconf 90' lang='lat' dir='ltr'>impetus</span> <span class='ocrx_word' id='word_1_60' title='bbox 990 1140 1198 1224; x_wconf 77' lang='lat' dir='ltr'>deprecetur:</span> <span class='ocrx_word' id='word_1_61' title='bbox 1232 1150 1298 1221; x_wconf 91' lang='lat' dir='ltr'>aut,</span> <span class='ocrx_word' id='word_1_62' title='bbox 1323 1143 1351 1207; x_wconf 90' lang='lat' dir='ltr'>si</span> <span class='ocrx_word' id='word_1_63' title='bbox 1380 1167 1443 1210; x_wconf 93' lang='lat' dir='ltr'>non</span> 
     </span>
     <span class='ocr_line' id='line_1_8' title="bbox 238 1232 1442 1326; baseline 0.01 -30"><span class='ocrx_word' id='word_1_64' title='bbox 238 1232 368 1318; x_wconf 85' lang='lat' dir='ltr'>poterit,</span> <span class='ocrx_word' id='word_1_65' title='bbox 387 1232 435 1296; x_wconf 93' lang='lat' dir='ltr'>M.</span> <span class='ocrx_word' id='word_1_66' title='bbox 452 1232 589 1297; x_wconf 88' lang='lat' dir='ltr'>Fabium</span> <span class='ocrx_word' id='word_1_67' title='bbox 611 1235 861 1320; x_wconf 79' lang='lat' dir='ltr'>subscriptorem</span> <span class='ocrx_word' id='word_1_68' title='bbox 882 1237 953 1321; x_wconf 89' lang='lat' dir='ltr'>ejus</span> <span class='ocrx_word' id='word_1_69' title='bbox 976 1238 1159 1323; x_wconf 79' lang='lat' dir='ltr'>rogabimus</span> <span class='ocrx_word' id='word_1_70' title='bbox 1180 1249 1216 1304; x_wconf 92' lang='lat' dir='ltr'>ut</span> <span class='ocrx_word' id='word_1_71' title='bbox 1232 1239 1442 1326; x_wconf 88' lang='lat' dir='ltr'>Allobrogum</span> 
     </span>
     <span class='ocr_line' id='line_1_9' title="bbox 238 1329 1442 1425; baseline 0.008 -31"><span class='ocrx_word' id='word_1_72' title='bbox 238 1329 363 1394; x_wconf 89' lang='lat' dir='ltr'>animos</span> <span class='ocrx_word' id='word_1_73' title='bbox 382 1330 520 1414; x_wconf 87' lang='lat' dir='ltr'>mitiget,</span> <span class='ocrx_word' id='word_1_74' title='bbox 535 1332 683 1416; x_wconf 89' lang='lat' dir='ltr'>quoniam</span> <span class='ocrx_word' id='word_1_75' title='bbox 706 1333 792 1418; x_wconf 90' lang='lat' dir='ltr'>apud</span> <span class='ocrx_word' id='word_1_76' title='bbox 815 1334 887 1398; x_wconf 91' lang='lat' dir='ltr'>illos</span> <span class='ocrx_word' id='word_1_77' title='bbox 905 1333 1078 1398; x_wconf 81' lang='lat' dir='ltr'>Fabiorum</span> <span class='ocrx_word' id='word_1_78' title='bbox 1093 1357 1207 1400; x_wconf 87' lang='lat' dir='ltr'>nornen</span> <span class='ocrx_word' id='word_1_79' title='bbox 1223 1346 1274 1404; x_wconf 88' lang='lat' dir='ltr'>est</span> <span class='ocrx_word' id='word_1_80' title='bbox 1287 1341 1442 1425; x_wconf 89' lang='lat' dir='ltr'>amplissi-</span> 
     </span>
     <span class='ocr_line' id='line_1_10' title="bbox 238 1428 1440 1518; baseline 0.008 -26"><span class='ocrx_word' id='word_1_81' title='bbox 238 1451 338 1493; x_wconf 71' lang='lat' dir='ltr'>mum,</span> <span class='ocrx_word' id='word_1_82' title='bbox 383 1428 507 1494; x_wconf 86' lang='lat' dir='ltr'>Volunt</span> <span class='ocrx_word' id='word_1_83' title='bbox 528 1429 582 1493; x_wconf 87' lang='lat' dir='ltr'>isti</span> <span class='ocrx_word' id='word_1_84' title='bbox 598 1438 657 1496; x_wconf 87' lang='lat' dir='ltr'>aut</span> <span class='ocrx_word' id='word_1_85' title='bbox 679 1431 849 1516; x_wconf 78' lang='lat' dir='ltr'>quiescere,</span> <span class='ocrx_word' id='word_1_86' title='bbox 866 1432 899 1496; x_wconf 91' lang='lat' dir='ltr'>id</span> <span class='ocrx_word' id='word_1_87' title='bbox 923 1433 1008 1518; x_wconf 92' lang='lat' dir='ltr'>quod</span> <span class='ocrx_word' id='word_1_88' title='bbox 1023 1433 1098 1498; x_wconf 88' lang='lat' dir='ltr'>victi</span> <span class='ocrx_word' id='word_1_89' title='bbox 1118 1455 1157 1498; x_wconf 89' lang='lat' dir='ltr'>ac</span> <span class='ocrx_word' id='word_1_90' title='bbox 1177 1435 1303 1500; x_wconf 76' lang='lat' dir='ltr'>subacti</span> <span class='ocrx_word' id='word_1_91' title='bbox 1327 1437 1440 1515; x_wconf 78' lang='lat' dir='ltr'>solent,</span> 
     </span>
     <span class='ocr_line' id='line_1_11' title="bbox 239 1527 1469 1616; baseline 0.007 -26"><span class='ocrx_word' id='word_1_92' title='bbox 239 1537 306 1604; x_wconf 86' lang='lat' dir='ltr'>aut,</span> <span class='ocrx_word' id='word_1_93' title='bbox 334 1549 432 1613; x_wconf 91' lang='lat' dir='ltr'>quum</span> <span class='ocrx_word' id='word_1_94' title='bbox 457 1527 627 1605; x_wconf 86' lang='lat' dir='ltr'>minantur,</span> <span class='ocrx_word' id='word_1_95' title='bbox 655 1529 832 1614; x_wconf 88' lang='lat' dir='ltr'>intelligere</span> <span class='ocrx_word' id='word_1_96' title='bbox 855 1551 890 1594; x_wconf 91' lang='lat' dir='ltr'>se</span> <span class='ocrx_word' id='word_1_97' title='bbox 914 1529 1029 1616; x_wconf 92' lang='lat' dir='ltr'>populo</span> <span class='ocrx_word' id='word_1_98' title='bbox 1060 1531 1205 1596; x_wconf 81' lang='lat' dir='ltr'>Romarm</span> <span class='ocrx_word' id='word_1_99' title='bbox 1234 1553 1297 1597; x_wconf 91' lang='lat' dir='ltr'>non</span> <span class='ocrx_word' id='word_1_100' title='bbox 1321 1541 1443 1599; x_wconf 90' lang='lat' dir='ltr'>metum</span> <span class='ocrx_word' id='word_1_101' title='bbox 1463 1541 1469 1550; x_wconf 83' lang='lat'>&#39;</span> 
     </span>
     <span class='ocr_line' id='line_1_12' title="bbox 239 1625 859 1712; baseline 0.008 -24"><span class='ocrx_word' id='word_1_102' title='bbox 239 1625 323 1702; x_wconf 89' lang='lat' dir='ltr'>belli,</span> <span class='ocrx_word' id='word_1_103' title='bbox 339 1627 397 1690; x_wconf 90' lang='lat' dir='ltr'>sed</span> <span class='ocrx_word' id='word_1_104' title='bbox 411 1647 502 1711; x_wconf 88' lang='lat' dir='ltr'>spem</span> <span class='ocrx_word' id='word_1_105' title='bbox 516 1625 668 1712; x_wconf 88' lang='lat' dir='ltr'>triumphi</span> <span class='ocrx_word' id='word_1_106' title='bbox 682 1629 859 1692; x_wconf 89' lang='lat' dir='ltr'>ostendere.</span> 
     </span>
    </p>

    <p class='ocr_par' dir='ltr' id='par_1_3' title="bbox 239 1724 1442 2596">
     <span class='ocr_line' id='line_1_13' title="bbox 284 1724 1442 1814; baseline 0.006 -27"><span class='ocrx_word' id='word_1_107' title='bbox 284 1724 378 1804; x_wconf 79' lang='lat' dir='ltr'>Quod</span> <span class='ocrx_word' id='word_1_108' title='bbox 391 1724 419 1788; x_wconf 93' lang='lat' dir='ltr'>si</span> <span class='ocrx_word' id='word_1_109' title='bbox 434 1725 466 1788; x_wconf 90' lang='lat' dir='ltr'>in</span> <span class='ocrx_word' id='word_1_110' title='bbox 479 1725 566 1810; x_wconf 88' lang='lat' dir='ltr'>turpi</span> <span class='ocrx_word' id='word_1_111' title='bbox 588 1747 644 1789; x_wconf 90' lang='lat' dir='ltr'>reo</span> <span class='ocrx_word' id='word_1_112' title='bbox 663 1725 849 1812; x_wconf 89' lang='lat' dir='ltr'>patiendum</span> <span class='ocrx_word' id='word_1_113' title='bbox 872 1747 936 1790; x_wconf 92' lang='lat' dir='ltr'>non</span> <span class='ocrx_word' id='word_1_114' title='bbox 962 1735 1056 1804; x_wconf 87' lang='lat' dir='ltr'>esset,</span> <span class='ocrx_word' id='word_1_115' title='bbox 1082 1734 1120 1794; x_wconf 91' lang='lat' dir='ltr'>ut</span> <span class='ocrx_word' id='word_1_116' title='bbox 1139 1727 1307 1814; x_wconf 90' lang='lat' dir='ltr'>quidquam</span> <span class='ocrx_word' id='word_1_117' title='bbox 1332 1729 1386 1794; x_wconf 92' lang='lat' dir='ltr'>isti</span> <span class='ocrx_word' id='word_1_118' title='bbox 1406 1751 1442 1794; x_wconf 90' lang='lat' dir='ltr'>se</span> 
     </span>
     <span class='ocr_line' id='line_1_14' title="bbox 239 1821 1441 1910; baseline 0.007 -26"><span class='ocrx_word' id='word_1_119' title='bbox 239 1821 334 1886; x_wconf 89' lang='lat' dir='ltr'>minis</span> <span class='ocrx_word' id='word_1_120' title='bbox 348 1822 519 1908; x_wconf 82' lang='lat' dir='ltr'>proiecisse</span> <span class='ocrx_word' id='word_1_121' title='bbox 533 1822 773 1902; x_wconf 87' lang='lat' dir='ltr'>arbitrarentur,</span> <span class='ocrx_word' id='word_1_122' title='bbox 795 1823 870 1910; x_wconf 90' lang='lat' dir='ltr'>quid</span> <span class='ocrx_word' id='word_1_123' title='bbox 887 1823 1066 1890; x_wconf 85' lang='lat' dir='ltr'>laciendum</span> <span class='ocrx_word' id='word_1_124' title='bbox 1081 1825 1170 1890; x_wconf 88' lang='lat' dir='ltr'>vobis</span> <span class='ocrx_word' id='word_1_125' title='bbox 1185 1825 1217 1889; x_wconf 91' lang='lat' dir='ltr'>in</span> <span class='ocrx_word' id='word_1_126' title='bbox 1240 1827 1288 1890; x_wconf 92' lang='lat' dir='ltr'>M.</span> <span class='ocrx_word' id='word_1_127' title='bbox 1305 1825 1441 1892; x_wconf 90' lang='lat' dir='ltr'>Fonteio</span> 
     </span>
     <span class='ocr_line' id='line_1_15' title="bbox 239 1919 1441 2007; baseline 0.007 -25"><span class='ocrx_word' id='word_1_128' title='bbox 239 1919 454 1984; x_wconf 82' lang='lat' dir='ltr'>arbitraminil</span> <span class='ocrx_word' id='word_1_129' title='bbox 476 1920 517 1985; x_wconf 91' lang='lat' dir='ltr'>de</span> <span class='ocrx_word' id='word_1_130' title='bbox 539 1943 602 2005; x_wconf 91' lang='lat' dir='ltr'>quo</span> <span class='ocrx_word' id='word_1_131' title='bbox 627 1921 761 2000; x_wconf 91' lang='lat' dir='ltr'>homine,</span> <span class='ocrx_word' id='word_1_132' title='bbox 783 1922 916 2006; x_wconf 89' lang='lat' dir='ltr'>judices,</span> <span class='ocrx_word' id='word_1_133' title='bbox 945 1923 1024 2007; x_wconf 86' lang='lat' dir='ltr'>(jam</span> <span class='ocrx_word' id='word_1_134' title='bbox 1045 1923 1128 1988; x_wconf 91' lang='lat' dir='ltr'>enim</span> <span class='ocrx_word' id='word_1_135' title='bbox 1151 1924 1226 1988; x_wconf 91' lang='lat' dir='ltr'>mihi</span> <span class='ocrx_word' id='word_1_136' title='bbox 1247 1925 1354 1990; x_wconf 88' lang='lat' dir='ltr'>videor</span> <span class='ocrx_word' id='word_1_137' title='bbox 1379 1927 1441 1990; x_wconf 90' lang='lat' dir='ltr'>hoc</span> 
     </span>
     <span class='ocr_line' id='line_1_16' title="bbox 239 2019 1442 2108; baseline 0.004 -27"><span class='ocrx_word' id='word_1_138' title='bbox 239 2039 338 2103; x_wconf 89' lang='lat' dir='ltr'>prope</span> <span class='ocrx_word' id='word_1_139' title='bbox 352 2039 467 2083; x_wconf 85' lang='lat' dir='ltr'>caussa</span> <span class='ocrx_word' id='word_1_140' title='bbox 481 2019 602 2084; x_wconf 89' lang='lat' dir='ltr'>duabus</span> <span class='ocrx_word' id='word_1_141' title='bbox 616 2020 797 2084; x_wconf 90' lang='lat' dir='ltr'>actionibus</span> <span class='ocrx_word' id='word_1_142' title='bbox 810 2030 960 2107; x_wconf 87' lang='lat' dir='ltr'>perorata</span> <span class='ocrx_word' id='word_1_143' title='bbox 974 2021 1089 2086; x_wconf 90' lang='lat' dir='ltr'>debere</span> <span class='ocrx_word' id='word_1_144' title='bbox 1104 2021 1234 2102; x_wconf 65' lang='lat' dir='ltr'>dicere)</span> <span class='ocrx_word' id='word_1_145' title='bbox 1252 2024 1291 2088; x_wconf 92' lang='lat' dir='ltr'>de</span> <span class='ocrx_word' id='word_1_146' title='bbox 1307 2045 1369 2108; x_wconf 91' lang='lat' dir='ltr'>quo</span> <span class='ocrx_word' id='word_1_147' title='bbox 1385 2044 1442 2086; x_wconf 86' lang='lat' dir='ltr'>vos</span> 
     </span>
     <span class='ocr_line' id='line_1_17' title="bbox 240 2115 1440 2206; baseline 0.005 -28"><span class='ocrx_word' id='word_1_148' title='bbox 240 2115 426 2180; x_wconf 88' lang='lat' dir='ltr'>hominene</span> <span class='ocrx_word' id='word_1_149' title='bbox 446 2117 489 2180; x_wconf 88' lang='lat' dir='ltr'>ab</span> <span class='ocrx_word' id='word_1_150' title='bbox 511 2117 646 2182; x_wconf 89' lang='lat' dir='ltr'>inimicis</span> <span class='ocrx_word' id='word_1_151' title='bbox 665 2119 793 2205; x_wconf 89' lang='lat' dir='ltr'>quidem</span> <span class='ocrx_word' id='word_1_152' title='bbox 813 2119 909 2184; x_wconf 89' lang='lat' dir='ltr'>ullum</span> <span class='ocrx_word' id='word_1_153' title='bbox 930 2119 1041 2184; x_wconf 88' lang='lat' dir='ltr'>lictum</span> <span class='ocrx_word' id='word_1_154' title='bbox 1062 2121 1247 2206; x_wconf 86' lang='lat' dir='ltr'>probrosum</span> <span class='ocrx_word' id='word_1_155' title='bbox 1267 2144 1330 2184; x_wconf 93' lang='lat' dir='ltr'>non</span> <span class='ocrx_word' id='word_1_156' title='bbox 1346 2121 1440 2184; x_wconf 92' lang='lat' dir='ltr'>modo</span> 
     </span>
     <span class='ocr_line' id='line_1_18' title="bbox 239 2214 1440 2304; baseline 0.003 -26"><span class='ocrx_word' id='word_1_157' title='bbox 239 2214 357 2279; x_wconf 89' lang='lat' dir='ltr'>crimen</span> <span class='ocrx_word' id='word_1_158' title='bbox 372 2216 429 2280; x_wconf 86' lang='lat' dir='ltr'>sed</span> <span class='ocrx_word' id='word_1_159' title='bbox 444 2237 483 2280; x_wconf 91' lang='lat' dir='ltr'>ne</span> <span class='ocrx_word' id='word_1_160' title='bbox 497 2217 700 2282; x_wconf 88' lang='lat' dir='ltr'>maledictum</span> <span class='ocrx_word' id='word_1_161' title='bbox 721 2217 848 2302; x_wconf 87' lang='lat' dir='ltr'>quidem</span> <span class='ocrx_word' id='word_1_162' title='bbox 866 2217 1013 2282; x_wconf 79' lang='lat' dir='ltr'>audistis.</span> <span class='ocrx_word' id='word_1_163' title='bbox 1059 2217 1179 2304; x_wconf 88' lang='lat' dir='ltr'>Ecquis</span> <span class='ocrx_word' id='word_1_164' title='bbox 1194 2241 1342 2304; x_wconf 88' lang='lat' dir='ltr'>umquam</span> <span class='ocrx_word' id='word_1_165' title='bbox 1357 2241 1440 2294; x_wconf 89' lang='lat' dir='ltr'>reus,</span> 
     </span>
     <span class='ocr_line' id='line_1_19' title="bbox 239 2313 1442 2400; baseline 0.002 -24"><span class='ocrx_word' id='word_1_166' title='bbox 239 2313 426 2395; x_wconf 83' lang='lat' dir='ltr'>praesertim</span> <span class='ocrx_word' id='word_1_167' title='bbox 441 2313 474 2378; x_wconf 91' lang='lat' dir='ltr'>in</span> <span class='ocrx_word' id='word_1_168' title='bbox 493 2313 554 2378; x_wconf 90' lang='lat' dir='ltr'>bac</span> <span class='ocrx_word' id='word_1_169' title='bbox 569 2315 653 2380; x_wconf 84' lang='lat' dir='ltr'>vitae</span> <span class='ocrx_word' id='word_1_170' title='bbox 668 2316 792 2380; x_wconf 88' lang='lat' dir='ltr'>ratione</span> <span class='ocrx_word' id='word_1_171' title='bbox 813 2315 1023 2392; x_wconf 67' lang='lat' dir='ltr'>versatus-in</span> <span class='ocrx_word' id='word_1_172' title='bbox 1046 2315 1217 2379; x_wconf 88' lang='lat' dir='ltr'>honoribus</span> <span class='ocrx_word' id='word_1_173' title='bbox 1236 2317 1391 2400; x_wconf 88' lang='lat' dir='ltr'>petendis,</span> <span class='ocrx_word' id='word_1_174' title='bbox 1409 2315 1442 2378; x_wconf 94' lang='lat' dir='ltr'>in</span> 
     </span>
     <span class='ocr_line' id='line_1_20' title="bbox 240 2412 1441 2498; baseline 0.002 -25"><span class='ocrx_word' id='word_1_175' title='bbox 240 2412 464 2493; x_wconf 81' lang='lat' dir='ltr'>potestatibus,</span> <span class='ocrx_word' id='word_1_176' title='bbox 480 2412 513 2476; x_wconf 92' lang='lat' dir='ltr'>in</span> <span class='ocrx_word' id='word_1_177' title='bbox 527 2413 667 2498; x_wconf 89' lang='lat' dir='ltr'>imperiis</span> <span class='ocrx_word' id='word_1_178' title='bbox 680 2413 837 2498; x_wconf 82' lang='lat' dir='ltr'>gerendis,</span> <span class='ocrx_word' id='word_1_179' title='bbox 854 2414 900 2477; x_wconf 91' lang='lat' dir='ltr'>sic</span> <span class='ocrx_word' id='word_1_180' title='bbox 915 2419 1087 2476; x_wconf 84' lang='lat' dir='ltr'>accusatus</span> <span class='ocrx_word' id='word_1_181' title='bbox 1106 2419 1157 2476; x_wconf 89' lang='lat' dir='ltr'>est</span> <span class='ocrx_word' id='word_1_182' title='bbox 1177 2421 1214 2476; x_wconf 94' lang='lat' dir='ltr'>ut</span> <span class='ocrx_word' id='word_1_183' title='bbox 1236 2413 1354 2476; x_wconf 91' lang='lat' dir='ltr'>nullum</span> <span class='ocrx_word' id='word_1_184' title='bbox 1370 2433 1441 2497; x_wconf 90' lang='lat' dir='ltr'>pro·</span> 
     </span>
     <span class='ocr_line' id='line_1_21' title="bbox 240 2507 1441 2596; baseline 0.002 -26"><span class='ocrx_word' id='word_1_185' title='bbox 240 2507 342 2585; x_wconf 90' lang='lat' dir='ltr'>brum,</span> <span class='ocrx_word' id='word_1_186' title='bbox 357 2509 476 2574; x_wconf 88' lang='lat' dir='ltr'>nullum</span> <span class='ocrx_word' id='word_1_187' title='bbox 497 2511 628 2587; x_wconf 88' lang='lat' dir='ltr'>lacinus,</span> <span class='ocrx_word' id='word_1_188' title='bbox 650 2511 736 2574; x_wconf 88' lang='lat' dir='ltr'>nulla</span> <span class='ocrx_word' id='word_1_189' title='bbox 756 2511 933 2596; x_wconf 88' lang='lat' dir='ltr'>turpitudo,</span> <span class='ocrx_word' id='word_1_190' title='bbox 951 2531 1031 2594; x_wconf 91' lang='lat' dir='ltr'>quae</span> <span class='ocrx_word' id='word_1_191' title='bbox 1047 2531 1067 2572; x_wconf 92' lang='lat' dir='ltr'>a</span> <span class='ocrx_word' id='word_1_192' title='bbox 1080 2509 1218 2586; x_wconf 87' lang='lat' dir='ltr'>libidine,</span> <span class='ocrx_word' id='word_1_193' title='bbox 1234 2516 1291 2574; x_wconf 87' lang='lat' dir='ltr'>aut</span> <span class='ocrx_word' id='word_1_194' title='bbox 1311 2531 1331 2574; x_wconf 92' lang='lat' dir='ltr'>a</span> <span class='ocrx_word' id='word_1_195' title='bbox 1351 2517 1441 2594; x_wconf 91' lang='lat' dir='ltr'>petu-</span> 
     </span>
    </p>
   </div>
   <div class='ocr_carea' id='block_1_3' title="bbox 237 2605 1442 2785">
    <p class='ocr_par' dir='ltr' id='par_1_4' title="bbox 237 2605 1442 2785">
     <span class='ocr_line' id='line_1_22' title="bbox 237 2605 1442 2691; baseline 0.001 -21"><span class='ocrx_word' id='word_1_196' title='bbox 237 2605 346 2685; x_wconf 87' lang='lat' dir='ltr'>lantia,</span> <span class='ocrx_word' id='word_1_197' title='bbox 361 2616 420 2673; x_wconf 88' lang='lat' dir='ltr'>aut</span> <span class='ocrx_word' id='word_1_198' title='bbox 433 2610 475 2673; x_wconf 87' lang='lat' dir='ltr'>ab</span> <span class='ocrx_word' id='word_1_199' title='bbox 493 2608 626 2673; x_wconf 90' lang='lat' dir='ltr'>audacia</span> <span class='ocrx_word' id='word_1_200' title='bbox 648 2617 726 2673; x_wconf 89' lang='lat' dir='ltr'>nata</span> <span class='ocrx_word' id='word_1_201' title='bbox 742 2618 837 2684; x_wconf 89' lang='lat' dir='ltr'>esset,</span> <span class='ocrx_word' id='word_1_202' title='bbox 853 2608 894 2671; x_wconf 89' lang='lat' dir='ltr'>ab</span> <span class='ocrx_word' id='word_1_203' title='bbox 909 2613 1096 2671; x_wconf 87' lang='lat' dir='ltr'>accusatore</span> <span class='ocrx_word' id='word_1_204' title='bbox 1118 2606 1319 2691; x_wconf 89' lang='lat' dir='ltr'>objiceretur,</span> <span class='ocrx_word' id='word_1_205' title='bbox 1335 2606 1362 2671; x_wconf 91' lang='lat' dir='ltr'>si</span> <span class='ocrx_word' id='word_1_206' title='bbox 1378 2629 1442 2671; x_wconf 94' lang='lat' dir='ltr'>non</span> 
     </span>
     <span class='ocr_line' id='line_1_23' title="bbox 238 2698 1202 2785; baseline 0 -21"><span class='ocrx_word' id='word_1_207' title='bbox 238 2722 322 2779; x_wconf 86' lang='lat' dir='ltr'>vera,</span> <span class='ocrx_word' id='word_1_208' title='bbox 339 2710 375 2765; x_wconf 89' lang='lat' dir='ltr'>at</span> <span class='ocrx_word' id='word_1_209' title='bbox 389 2711 498 2767; x_wconf 90' lang='lat' dir='ltr'>tamen</span> <span class='ocrx_word' id='word_1_210' title='bbox 512 2702 587 2765; x_wconf 88' lang='lat' dir='ltr'>licta</span> <span class='ocrx_word' id='word_1_211' title='bbox 602 2722 673 2765; x_wconf 90' lang='lat' dir='ltr'>cum</span> <span class='ocrx_word' id='word_1_212' title='bbox 688 2700 794 2785; x_wconf 85' lang='lat' dir='ltr'>aliqua</span> <span class='ocrx_word' id='word_1_213' title='bbox 808 2699 932 2764; x_wconf 88' lang='lat' dir='ltr'>ratione</span> <span class='ocrx_word' id='word_1_214' title='bbox 946 2720 985 2763; x_wconf 90' lang='lat' dir='ltr'>ac</span> <span class='ocrx_word' id='word_1_215' title='bbox 1000 2698 1202 2784; x_wconf 69' lang='lat' dir='ltr'>suspicione!</span> 
     </span>
    </p>
   </div>
   <div class='ocr_carea' id='block_1_4' title="bbox 283 2796 1440 2876">
    <p class='ocr_par' dir='ltr' id='par_1_5' title="bbox 283 2796 1440 2876">
     <span class='ocr_line' id='line_1_24' title="bbox 283 2796 1440 2876; baseline -0.002 -15"><span class='ocrx_word' id='word_1_216' title='bbox 283 2798 408 2861; x_wconf 86' lang='lat' dir='ltr'><strong>XVII.</strong></span> <span class='ocrx_word' id='word_1_217' title='bbox 433 2798 482 2861; x_wconf 88' lang='lat' dir='ltr'>M.</span> <span class='ocrx_word' id='word_1_218' title='bbox 498 2798 670 2861; x_wconf 87' lang='lat' dir='ltr'>Aemilium</span> <span class='ocrx_word' id='word_1_219' title='bbox 686 2798 850 2876; x_wconf 89' lang='lat' dir='ltr'>Scaurum,</span> <span class='ocrx_word' id='word_1_220' title='bbox 862 2818 1020 2861; x_wconf 88' lang='lat' dir='ltr'>summum</span> <span class='ocrx_word' id='word_1_221' title='bbox 1032 2802 1161 2861; x_wconf 86' lang='lat' dir='ltr'>nostrae</span> <span class='ocrx_word' id='word_1_222' title='bbox 1176 2796 1315 2861; x_wconf 86' lang='lat' dir='ltr'>civitatis</span> <span class='ocrx_word' id='word_1_223' title='bbox 1329 2796 1440 2875; x_wconf 87' lang='lat' dir='ltr'>virum,</span> 
     </span>
    </p>
   </div>
   <div class='ocr_carea' id='block_1_5' title="bbox 169 2966 1443 4653">
    <p class='ocr_par' dir='ltr' id='par_1_6' title="bbox 169 2966 1443 4653">
     <span class='ocr_line' id='line_1_25' title="bbox 237 2966 1440 3034; baseline -0.001 -16"><span class='ocrx_word' id='word_1_224' title='bbox 237 2969 289 3018; x_wconf 87' lang='lat' dir='ltr'>and</span> <span class='ocrx_word' id='word_1_225' title='bbox 300 2968 393 3018; x_wconf 81' lang='lat' dir='ltr'>Cimbri</span> <span class='ocrx_word' id='word_1_226' title='bbox 409 2984 467 3017; x_wconf 89' lang='lat' dir='ltr'>near</span> <span class='ocrx_word' id='word_1_227' title='bbox 483 2970 568 3033; x_wconf 82' lang='lat' dir='ltr'>Aquae</span> <span class='ocrx_word' id='word_1_228' title='bbox 587 2970 679 3017; x_wconf 78' lang='lat' dir='ltr'>Sestias</span> <span class='ocrx_word' id='word_1_229' title='bbox 699 2969 769 3034; x_wconf 75' lang='lat' dir='ltr'>(hir)</span> <span class='ocrx_word' id='word_1_230' title='bbox 794 2969 820 3018; x_wconf 91' lang='lat' dir='ltr'>in</span> <span class='ocrx_word' id='word_1_231' title='bbox 853 2966 991 3025; x_wconf 89' lang='lat' dir='ltr'>Diomedes,</span> <span class='ocrx_word' id='word_1_232' title='bbox 1011 2983 1036 3031; x_wconf 88' lang='lat' dir='ltr'>p.</span> <span class='ocrx_word' id='word_1_233' title='bbox 1051 2970 1107 3027; x_wconf 80' lang='grc'><strong>11911,</strong></span> <span class='ocrx_word' id='word_1_234' title='bbox 1128 2968 1190 3017; x_wconf 84' lang='lat' dir='ltr'>cited</span> <span class='ocrx_word' id='word_1_235' title='bbox 1209 2968 1242 3031; x_wconf 83' lang='lat' dir='ltr'>by</span> <span class='ocrx_word' id='word_1_236' title='bbox 1259 2966 1351 3031; x_wconf 83' lang='lat' dir='ltr'>Meyer,</span> <span class='ocrx_word' id='word_1_237' title='bbox 1371 2968 1440 3017; x_wconf 84' lang='lat' dir='ltr'>Orat.</span> 
     </span>
     <span class='ocr_line' id='line_1_26' title="bbox 239 3034 1062 3097; baseline -0.004 -14"><span class='ocrx_word' id='word_1_238' title='bbox 239 3048 297 3083; x_wconf 71' lang='lat' dir='ltr'>ac.</span> <span class='ocrx_word' id='word_1_239' title='bbox 321 3036 380 3091; x_wconf 76' lang='lat'>1023</span> <span class='ocrx_word' id='word_1_240' title='bbox 405 3034 453 3082; x_wconf 85' lang='lat' dir='ltr'>and</span> <span class='ocrx_word' id='word_1_241' title='bbox 470 3035 495 3083; x_wconf 88' lang='lat' dir='ltr'>in</span> <span class='ocrx_word' id='word_1_242' title='bbox 517 3034 599 3082; x_wconf 84' lang='lat' dir='ltr'>North</span> <span class='ocrx_word' id='word_1_243' title='bbox 620 3035 683 3097; x_wconf 80' lang='lat' dir='ltr'>ltaly</span> <span class='ocrx_word' id='word_1_244' title='bbox 701 3036 743 3083; x_wconf 85' lang='lat' dir='ltr'>tha</span> <span class='ocrx_word' id='word_1_245' title='bbox 764 3050 823 3097; x_wconf 78' lang='lat' dir='ltr'>year</span> <span class='ocrx_word' id='word_1_246' title='bbox 854 3034 1062 3095; x_wconf 63' lang='lat' dir='ltr'>Romanliragt</span> 
     </span>
     <span class='ocr_line' id='line_1_27' title="bbox 238 3097 1441 3162; baseline -0.002 -15"><span class='ocrx_word' id='word_1_247' title='bbox 238 3100 349 3147; x_wconf 76' lang='lat' dir='ltr'>alren—⁶</span> <span class='ocrx_word' id='word_1_248' title='bbox 359 3099 537 3161; x_wconf 86' lang='lat' dir='ltr'>belligerendo,’</span> <span class='ocrx_word' id='word_1_249' title='bbox 549 3101 581 3147; x_wconf 90' lang='lat' dir='ltr'>V.</span> <span class='ocrx_word' id='word_1_250' title='bbox 592 3099 785 3162; x_wconf 70' lang='lat' dir='ltr'>‘belligerandq’</span> <span class='ocrx_word' id='word_1_251' title='bbox 795 3100 821 3149; x_wconf 79' lang='lat' dir='ltr'>S.</span> <span class='ocrx_word' id='word_1_252' title='bbox 888 3098 934 3147; x_wconf 86' lang='grc' dir='ltr'><strong>Μ’.</strong></span> <span class='ocrx_word' id='word_1_253' title='bbox 942 3099 1054 3161; x_wconf 82' lang='lat' dir='ltr'>Aquilius</span> <span class='ocrx_word' id='word_1_254' title='bbox 1065 3098 1106 3147; x_wconf 83' lang='lat' dir='ltr'>the</span> <span class='ocrx_word' id='word_1_255' title='bbox 1117 3098 1182 3147; x_wconf 86' lang='lat' dir='ltr'>elder</span> <span class='ocrx_word' id='word_1_256' title='bbox 1192 3112 1240 3145; x_wconf 74' lang='lat' dir='ltr'>was</span> <span class='ocrx_word' id='word_1_257' title='bbox 1251 3097 1392 3160; x_wconf 85' lang='lat' dir='ltr'>prosecuted</span> <span class='ocrx_word' id='word_1_258' title='bbox 1403 3097 1441 3146; x_wconf 78' lang='lat' dir='ltr'>lor</span> 
     </span>
     <span class='ocr_line' id='line_1_28' title="bbox 275 3162 1439 3227; baseline -0.002 -15"><span class='ocrx_word' id='word_1_259' title='bbox 275 3164 319 3212; x_wconf 79' lang='lat' dir='ltr'>Ga.</span> <span class='ocrx_word' id='word_1_260' title='bbox 332 3166 533 3227; x_wconf 55' lang='lat' dir='ltr'>Daesitiates]</span> <span class='ocrx_word' id='word_1_261' title='bbox 553 3166 666 3213; x_wconf 82' lang='lat' dir='ltr'>Seecli.</span> <span class='ocrx_word' id='word_1_262' title='bbox 691 3165 822 3213; x_wconf 80' lang='lat' dir='ltr'>TbeAllo·</span> <span class='ocrx_word' id='word_1_263' title='bbox 856 3164 1014 3227; x_wconf 83' lang='lat' dir='ltr'>Repetundae</span> <span class='ocrx_word' id='word_1_264' title='bbox 1026 3164 1058 3225; x_wconf 83' lang='lat' dir='ltr'>by</span> <span class='ocrx_word' id='word_1_265' title='bbox 1070 3164 1096 3211; x_wconf 83' lang='lat' dir='ltr'>P.</span> <span class='ocrx_word' id='word_1_266' title='bbox 1109 3164 1228 3211; x_wconf 73' lang='lat' dir='ltr'>lentulus</span> <span class='ocrx_word' id='word_1_267' title='bbox 1240 3162 1344 3226; x_wconf 83' lang='lat' dir='ltr'>(Cicero,</span> <span class='ocrx_word' id='word_1_268' title='bbox 1355 3162 1408 3211; x_wconf 88' lang='lat' dir='ltr'>Vol.</span> <span class='ocrx_word' id='word_1_269' title='bbox 1417 3162 1439 3211; x_wconf 90' lang='lat'>1.</span> 
     </span>
     <span class='ocr_line' id='line_1_29' title="bbox 239 3228 1020 3305; baseline -0.003 -28"><span class='ocrx_word' id='word_1_270' title='bbox 239 3228 325 3291; x_wconf 83' lang='lat' dir='ltr'>bruges</span> <span class='ocrx_word' id='word_1_271' title='bbox 335 3244 398 3276; x_wconf 78' lang='lat' dir='ltr'>uera</span> <span class='ocrx_word' id='word_1_272' title='bbox 413 3229 521 3277; x_wconf 79' lang='lat' dir='ltr'>defeated</span> <span class='ocrx_word' id='word_1_273' title='bbox 538 3230 569 3293; x_wconf 79' lang='lat' dir='ltr'>by</span> <span class='ocrx_word' id='word_1_274' title='bbox 581 3230 627 3278; x_wconf 89' lang='lat' dir='ltr'>Cn.</span> <span class='ocrx_word' id='word_1_275' title='bbox 640 3230 760 3278; x_wconf 81' lang='lat' dir='ltr'>Domitius</span> <span class='ocrx_word' id='word_1_276' title='bbox 773 3244 822 3278; x_wconf 80' lang='lat' dir='ltr'>nc.</span> <span class='ocrx_word' id='word_1_277' title='bbox 856 3230 938 3278; x_wconf 80' lang='lat' dir='ltr'>Diria.</span> <span class='ocrx_word' id='word_1_278' title='bbox 951 3244 972 3277; x_wconf 85' lang='lat' dir='ltr'>c.</span> <span class='ocrx_word' id='word_1_279' title='bbox 984 3229 1020 3305; x_wconf 66' lang='grc' dir='ltr'><strong>η.</strong></span> 
     </span>
     <span class='ocr_line' id='line_1_30' title="bbox 243 3292 1440 3359; baseline -0.002 -16"><span class='ocrx_word' id='word_1_280' title='bbox 243 3296 297 3351; x_wconf 71' lang='grc'><strong>121,</strong></span> <span class='ocrx_word' id='word_1_281' title='bbox 308 3295 356 3342; x_wconf 82' lang='lat' dir='ltr'>aad</span> <span class='ocrx_word' id='word_1_282' title='bbox 368 3294 400 3356; x_wconf 81' lang='lat' dir='ltr'>by</span> <span class='ocrx_word' id='word_1_283' title='bbox 410 3295 442 3347; x_wconf 76' lang='lat' dir='ltr'>Q.</span> <span class='ocrx_word' id='word_1_284' title='bbox 451 3295 539 3343; x_wconf 77' lang='lat' dir='ltr'>Fabius</span> <span class='ocrx_word' id='word_1_285' title='bbox 547 3295 670 3343; x_wconf 79' lang='lat' dir='ltr'>Maximus</span> <span class='ocrx_word' id='word_1_286' title='bbox 682 3294 744 3358; x_wconf 72' lang='lat' dir='ltr'>(ac.</span> <span class='ocrx_word' id='word_1_287' title='bbox 755 3296 822 3359; x_wconf 82' lang='lat' dir='ltr'>lar),</span> <span class='ocrx_word' id='word_1_288' title='bbox 889 3294 918 3342; x_wconf 79' lang='lat' dir='ltr'>t.</span> <span class='ocrx_word' id='word_1_289' title='bbox 930 3294 1013 3343; x_wconf 77' lang='lat' dir='ltr'>Aureli</span> <span class='ocrx_word' id='word_1_290' title='bbox 1054 3292 1126 3342; x_wconf 85' lang='lat' dir='ltr'>Cotta</span> <span class='ocrx_word' id='word_1_291' title='bbox 1138 3307 1186 3341; x_wconf 81' lang='lat' dir='ltr'>nas</span> <span class='ocrx_word' id='word_1_292' title='bbox 1207 3292 1309 3355; x_wconf 78' lang='lat' dir='ltr'>charged</span> <span class='ocrx_word' id='word_1_293' title='bbox 1329 3292 1440 3341; x_wconf 78' lang='lat' dir='ltr'>withtba</span> 
     </span>
     <span class='ocr_line' id='line_1_31' title="bbox 241 3356 1440 3425; baseline 0.002 -21"><span class='ocrx_word' id='word_1_294' title='bbox 241 3358 295 3405; x_wconf 78' lang='lat' dir='ltr'>who</span> <span class='ocrx_word' id='word_1_295' title='bbox 306 3366 348 3421; x_wconf 87' lang='lat' dir='ltr'>got</span> <span class='ocrx_word' id='word_1_296' title='bbox 358 3359 571 3425; x_wconf 76' lang='lat' dir='ltr'>fromhisrictory</span> <span class='ocrx_word' id='word_1_297' title='bbox 582 3360 625 3407; x_wconf 85' lang='lat' dir='ltr'>the</span> <span class='ocrx_word' id='word_1_298' title='bbox 642 3360 695 3408; x_wconf 89' lang='lat' dir='ltr'>title</span> <span class='ocrx_word' id='word_1_299' title='bbox 711 3358 739 3408; x_wconf 81' lang='lat' dir='ltr'>of</span> <span class='ocrx_word' id='word_1_300' title='bbox 753 3360 822 3408; x_wconf 80' lang='lat' dir='ltr'>Allo-</span> <span class='ocrx_word' id='word_1_301' title='bbox 854 3359 946 3407; x_wconf 87' lang='lat' dir='ltr'>oll&#39;enoe</span> <span class='ocrx_word' id='word_1_302' title='bbox 968 3358 996 3407; x_wconf 79' lang='lat' dir='ltr'>ol</span> <span class='ocrx_word' id='word_1_303' title='bbox 1023 3356 1179 3421; x_wconf 82' lang='lat' dir='ltr'>Repetundae</span> <span class='ocrx_word' id='word_1_304' title='bbox 1203 3357 1265 3422; x_wconf 72' lang='grc' dir='ltr'><strong>(ιιι.</strong></span> <span class='ocrx_word' id='word_1_305' title='bbox 1286 3356 1352 3421; x_wconf 82' lang='grc'><strong>131).</strong></span> <span class='ocrx_word' id='word_1_306' title='bbox 1395 3358 1440 3406; x_wconf 82' lang='lat' dir='ltr'>See</span> 
     </span>
     <span class='ocr_line' id='line_1_32' title="bbox 240 3422 1129 3485; baseline 0 -15"><span class='ocrx_word' id='word_1_307' title='bbox 240 3422 359 3485; x_wconf 83' lang='lat' dir='ltr'>brogicus.</span> <span class='ocrx_word' id='word_1_308' title='bbox 854 3424 910 3472; x_wconf 88' lang='lat' dir='ltr'>Vol.</span> <span class='ocrx_word' id='word_1_309' title='bbox 922 3424 944 3472; x_wconf 94' lang='lat'>1.</span> <span class='ocrx_word' id='word_1_310' title='bbox 962 3424 1044 3472; x_wconf 84' lang='lat' dir='ltr'>Divin.</span> <span class='ocrx_word' id='word_1_311' title='bbox 1056 3438 1078 3471; x_wconf 90' lang='lat' dir='ltr'>c.</span> <span class='ocrx_word' id='word_1_312' title='bbox 1090 3426 1129 3473; x_wconf 77' lang='lat'>21.</span> 
     </span>
     <span class='ocr_line' id='line_1_33' title="bbox 271 3486 1442 3551; baseline -0.001 -15"><span class='ocrx_word' id='word_1_313' title='bbox 271 3488 474 3551; x_wconf 56' lang='lat' dir='ltr'>nuncapium]</span> <span class='ocrx_word' id='word_1_314' title='bbox 494 3489 540 3537; x_wconf 86' lang='lat' dir='ltr'>See</span> <span class='ocrx_word' id='word_1_315' title='bbox 550 3488 606 3537; x_wconf 88' lang='lat' dir='ltr'>Vol.</span> <span class='ocrx_word' id='word_1_316' title='bbox 618 3488 639 3537; x_wconf 89' lang='lat'>1.</span> <span class='ocrx_word' id='word_1_317' title='bbox 657 3489 739 3537; x_wconf 85' lang='lat' dir='ltr'>Dirin.</span> <span class='ocrx_word' id='word_1_318' title='bbox 750 3505 772 3537; x_wconf 90' lang='lat' dir='ltr'>c.</span> <span class='ocrx_word' id='word_1_319' title='bbox 781 3491 819 3537; x_wconf 78' lang='lat' dir='ltr'>lo.</span> <span class='ocrx_word' id='word_1_320' title='bbox 887 3489 914 3537; x_wconf 84' lang='grc' dir='ltr'><strong>Ρ.</strong></span> <span class='ocrx_word' id='word_1_321' title='bbox 929 3489 1032 3537; x_wconf 81' lang='lat' dir='ltr'>Rutilius</span> <span class='ocrx_word' id='word_1_322' title='bbox 1051 3488 1129 3537; x_wconf 80' lang='lat' dir='ltr'>Rufus</span> <span class='ocrx_word' id='word_1_323' title='bbox 1148 3502 1197 3537; x_wconf 77' lang='lat' dir='ltr'>was</span> <span class='ocrx_word' id='word_1_324' title='bbox 1215 3488 1257 3537; x_wconf 88' lang='lat' dir='ltr'>tbe</span> <span class='ocrx_word' id='word_1_325' title='bbox 1275 3488 1395 3549; x_wconf 85' lang='lat' dir='ltr'>‘legatus&#39;</span> <span class='ocrx_word' id='word_1_326' title='bbox 1413 3486 1442 3536; x_wconf 79' lang='lat' dir='ltr'>of</span> 
     </span>
     <span class='ocr_line' id='line_1_34' title="bbox 169 3551 1441 3617; baseline -0.001 -17"><span class='ocrx_word' id='word_1_327' title='bbox 169 3568 172 3571; x_wconf 75' lang='grc'><strong>’</strong></span> <span class='ocrx_word' id='word_1_328' title='bbox 273 3554 368 3601; x_wconf 77' lang='lat' dir='ltr'>duabus</span> <span class='ocrx_word' id='word_1_329' title='bbox 384 3554 532 3617; x_wconf 76' lang='lat' dir='ltr'>actionibus]</span> <span class='ocrx_word' id='word_1_330' title='bbox 566 3554 627 3603; x_wconf 83' lang='lat' dir='ltr'>This</span> <span class='ocrx_word' id='word_1_331' title='bbox 638 3568 685 3601; x_wconf 77' lang='lat' dir='ltr'>was</span> <span class='ocrx_word' id='word_1_332' title='bbox 702 3554 761 3602; x_wconf 86' lang='lat' dir='ltr'>then</span> <span class='ocrx_word' id='word_1_333' title='bbox 778 3554 821 3602; x_wconf 89' lang='lat' dir='ltr'>the</span> <span class='ocrx_word' id='word_1_334' title='bbox 852 3554 896 3603; x_wconf 88' lang='lat' dir='ltr'>the</span> <span class='ocrx_word' id='word_1_335' title='bbox 916 3554 1013 3602; x_wconf 83' lang='lat' dir='ltr'>Praetor</span> <span class='ocrx_word' id='word_1_336' title='bbox 1031 3554 1062 3606; x_wconf 80' lang='lat' dir='ltr'>Q.</span> <span class='ocrx_word' id='word_1_337' title='bbox 1075 3552 1172 3601; x_wconf 88' lang='lat' dir='ltr'>Mucius</span> <span class='ocrx_word' id='word_1_338' title='bbox 1190 3552 1309 3611; x_wconf 83' lang='lat' dir='ltr'>Scaevola,</span> <span class='ocrx_word' id='word_1_339' title='bbox 1329 3551 1441 3601; x_wconf 77' lang='lat' dir='ltr'>Pontiler</span> 
     </span>
     <span class='ocr_line' id='line_1_35' title="bbox 240 3616 1441 3680; baseline 0 -15"><span class='ocrx_word' id='word_1_340' title='bbox 240 3617 434 3667; x_wconf 82' lang='lat' dir='ltr'>second⁴sctio.&#39;</span> <span class='ocrx_word' id='word_1_341' title='bbox 466 3618 547 3667; x_wconf 84' lang='lat' dir='ltr'>&#39;l&#39;bere</span> <span class='ocrx_word' id='word_1_342' title='bbox 562 3619 610 3667; x_wconf 85' lang='lat' dir='ltr'>had</span> <span class='ocrx_word' id='word_1_343' title='bbox 627 3618 687 3666; x_wconf 88' lang='lat' dir='ltr'>been</span> <span class='ocrx_word' id='word_1_344' title='bbox 705 3634 720 3666; x_wconf 89' lang='lat' dir='ltr'>a</span> <span class='ocrx_word' id='word_1_345' title='bbox 739 3624 821 3667; x_wconf 74' lang='lat' dir='ltr'>‘com</span> <span class='ocrx_word' id='word_1_346' title='bbox 853 3619 922 3669; x_wconf 84' lang='lat' dir='ltr'>Max.</span> <span class='ocrx_word' id='word_1_347' title='bbox 941 3619 967 3667; x_wconf 88' lang='lat' dir='ltr'>in</span> <span class='ocrx_word' id='word_1_348' title='bbox 986 3619 1028 3667; x_wconf 89' lang='lat' dir='ltr'>the</span> <span class='ocrx_word' id='word_1_349' title='bbox 1045 3619 1158 3680; x_wconf 81' lang='lat' dir='ltr'>province</span> <span class='ocrx_word' id='word_1_350' title='bbox 1176 3618 1204 3665; x_wconf 80' lang='lat' dir='ltr'>ol</span> <span class='ocrx_word' id='word_1_351' title='bbox 1221 3619 1285 3667; x_wconf 75' lang='lat' dir='ltr'>Asia</span> <span class='ocrx_word' id='word_1_352' title='bbox 1320 3616 1382 3665; x_wconf 79' lang='lat' dir='ltr'>Like</span> <span class='ocrx_word' id='word_1_353' title='bbox 1398 3617 1441 3665; x_wconf 87' lang='lat' dir='ltr'>tha</span> 
     </span>
     <span class='ocr_line' id='line_1_36' title="bbox 240 3683 1440 3745; baseline -0.001 -15"><span class='ocrx_word' id='word_1_354' title='bbox 240 3683 417 3744; x_wconf 81' lang='lat' dir='ltr'>perendinatio&#39;</span> <span class='ocrx_word' id='word_1_355' title='bbox 429 3684 492 3731; x_wconf 87' lang='lat' dir='ltr'>asin</span> <span class='ocrx_word' id='word_1_356' title='bbox 503 3686 545 3731; x_wconf 86' lang='lat' dir='ltr'>the</span> <span class='ocrx_word' id='word_1_357' title='bbox 556 3699 610 3732; x_wconf 89' lang='lat' dir='ltr'>ease</span> <span class='ocrx_word' id='word_1_358' title='bbox 620 3684 648 3731; x_wconf 85' lang='lat' dir='ltr'>ol</span> <span class='ocrx_word' id='word_1_359' title='bbox 656 3684 743 3732; x_wconf 86' lang='lat' dir='ltr'>Verres</span> <span class='ocrx_word' id='word_1_360' title='bbox 752 3683 820 3741; x_wconf 87' lang='lat' dir='ltr'>(Vol.</span> <span class='ocrx_word' id='word_1_361' title='bbox 853 3698 971 3745; x_wconf 78' lang='lat' dir='ltr'>governor</span> <span class='ocrx_word' id='word_1_362' title='bbox 981 3684 1012 3731; x_wconf 88' lang='lat' dir='ltr'>be</span> <span class='ocrx_word' id='word_1_363' title='bbox 1023 3683 1156 3745; x_wconf 83' lang='lat' dir='ltr'>attempted</span> <span class='ocrx_word' id='word_1_364' title='bbox 1172 3689 1198 3730; x_wconf 91' lang='lat' dir='ltr'>to</span> <span class='ocrx_word' id='word_1_365' title='bbox 1216 3688 1310 3745; x_wconf 85' lang='lat' dir='ltr'>protect</span> <span class='ocrx_word' id='word_1_366' title='bbox 1327 3683 1368 3729; x_wconf 87' lang='lat' dir='ltr'>the</span> <span class='ocrx_word' id='word_1_367' title='bbox 1384 3696 1440 3743; x_wconf 89' lang='lat' dir='ltr'>pro-</span> 
     </span>
     <span class='ocr_line' id='line_1_37' title="bbox 241 3746 1440 3811; baseline -0.002 -18"><span class='ocrx_word' id='word_1_368' title='bbox 241 3746 263 3795; x_wconf 89' lang='grc'><strong>1.</strong></span> <span class='ocrx_word' id='word_1_369' title='bbox 275 3748 344 3795; x_wconf 85' lang='lat' dir='ltr'>Verr.</span> <span class='ocrx_word' id='word_1_370' title='bbox 355 3748 381 3795; x_wconf 87' lang='lat' dir='ltr'>ii.</span> <span class='ocrx_word' id='word_1_371' title='bbox 394 3752 417 3798; x_wconf 89' lang='grc'><strong>1.</strong></span> <span class='ocrx_word' id='word_1_372' title='bbox 425 3764 447 3796; x_wconf 87' lang='lat' dir='ltr'>c.</span> <span class='ocrx_word' id='word_1_373' title='bbox 458 3750 504 3805; x_wconf 81' lang='lat' dir='ltr'>u):</span> <span class='ocrx_word' id='word_1_374' title='bbox 522 3752 537 3776; x_wconf 80' lang='lat'>‘⁴</span> <span class='ocrx_word' id='word_1_375' title='bbox 548 3749 637 3796; x_wconf 83' lang='lat' dir='ltr'>Adimo</span> <span class='ocrx_word' id='word_1_376' title='bbox 649 3750 713 3796; x_wconf 88' lang='lat' dir='ltr'>enim</span> <span class='ocrx_word' id='word_1_377' title='bbox 725 3764 822 3811; x_wconf 86' lang='lat' dir='ltr'>compe·</span> <span class='ocrx_word' id='word_1_378' title='bbox 854 3748 953 3795; x_wconf 76' lang='lat' dir='ltr'>rincials</span> <span class='ocrx_word' id='word_1_379' title='bbox 964 3749 1058 3809; x_wconf 80' lang='lat' dir='ltr'>against</span> <span class='ocrx_word' id='word_1_380' title='bbox 1068 3748 1110 3795; x_wconf 88' lang='lat' dir='ltr'>the</span> <span class='ocrx_word' id='word_1_381' title='bbox 1125 3748 1265 3809; x_wconf 86' lang='lat' dir='ltr'>oppression</span> <span class='ocrx_word' id='word_1_382' title='bbox 1279 3746 1307 3792; x_wconf 85' lang='lat' dir='ltr'>ol</span> <span class='ocrx_word' id='word_1_383' title='bbox 1321 3746 1364 3792; x_wconf 91' lang='lat' dir='ltr'>the</span> <span class='ocrx_word' id='word_1_384' title='bbox 1377 3746 1440 3792; x_wconf 86' lang='lat' dir='ltr'>Pub·</span> 
     </span>
     <span class='ocr_line' id='line_1_38' title="bbox 239 3809 1441 3873; baseline -0.003 -14"><span class='ocrx_word' id='word_1_385' title='bbox 239 3812 438 3861; x_wconf 79' lang='lat' dir='ltr'>rendinationem</span> <span class='ocrx_word' id='word_1_386' title='bbox 471 3813 544 3866; x_wconf 77' lang='lat' dir='ltr'>Quod</span> <span class='ocrx_word' id='word_1_387' title='bbox 559 3813 633 3861; x_wconf 88' lang='lat' dir='ltr'>babet</span> <span class='ocrx_word' id='word_1_388' title='bbox 648 3814 760 3861; x_wconf 84' lang='lat' dir='ltr'>lexinse</span> <span class='ocrx_word' id='word_1_389' title='bbox 771 3828 823 3861; x_wconf 87' lang='lat' dir='ltr'>mo·</span> <span class='ocrx_word' id='word_1_390' title='bbox 855 3812 934 3867; x_wconf 83' lang='lat' dir='ltr'>licani,</span> <span class='ocrx_word' id='word_1_391' title='bbox 946 3812 999 3859; x_wconf 79' lang='lat' dir='ltr'>who</span> <span class='ocrx_word' id='word_1_392' title='bbox 1010 3812 1065 3873; x_wconf 85' lang='lat' dir='ltr'>paid</span> <span class='ocrx_word' id='word_1_393' title='bbox 1077 3811 1126 3857; x_wconf 90' lang='lat' dir='ltr'>blm</span> <span class='ocrx_word' id='word_1_394' title='bbox 1142 3810 1179 3857; x_wconf 80' lang='lat' dir='ltr'>ou</span> <span class='ocrx_word' id='word_1_395' title='bbox 1196 3810 1226 3871; x_wconf 81' lang='lat' dir='ltr'>by</span> <span class='ocrx_word' id='word_1_396' title='bbox 1238 3809 1336 3869; x_wconf 83' lang='lat' dir='ltr'>causing</span> <span class='ocrx_word' id='word_1_397' title='bbox 1348 3809 1396 3855; x_wconf 91' lang='lat' dir='ltr'>him</span> <span class='ocrx_word' id='word_1_398' title='bbox 1414 3813 1441 3855; x_wconf 84' lang='lat' dir='ltr'>to</span> 
     </span>
     <span class='ocr_line' id='line_1_39' title="bbox 240 3870 1440 3981; baseline -0.006 -56"><span class='ocrx_word' id='word_1_399' title='bbox 240 3877 447 3933; x_wconf 78' lang='lat' dir='ltr'>lestimimum,bis</span> <span class='ocrx_word' id='word_1_400' title='bbox 458 3878 757 3935; x_wconf 74' lang='lat' dir='ltr'>nteaussadicstur,”&amp;c.</span> <span class='ocrx_word' id='word_1_401' title='bbox 792 3878 823 3925; x_wconf 89' lang='lat' dir='ltr'>ln</span> <span class='ocrx_word' id='word_1_402' title='bbox 856 3877 887 3924; x_wconf 90' lang='lat' dir='ltr'>be</span> <span class='ocrx_word' id='word_1_403' title='bbox 906 3875 1047 3937; x_wconf 82' lang='lat' dir='ltr'>prosecuted</span> <span class='ocrx_word' id='word_1_404' title='bbox 1065 3875 1102 3921; x_wconf 81' lang='lat' dir='ltr'>lor</span> <span class='ocrx_word' id='word_1_405' title='bbox 1120 3874 1277 3935; x_wconf 76' lang='lat' dir='ltr'>Repetundse</span> <span class='ocrx_word' id='word_1_406' title='bbox 1296 3872 1358 3935; x_wconf 74' lang='lat' dir='ltr'>(ac.</span> <span class='ocrx_word' id='word_1_407' title='bbox 1379 3870 1440 3981; x_wconf 54' lang='grc'><strong>92).)</strong></span> 
     </span>
     <span class='ocr_line' id='line_1_40' title="bbox 238 3936 1442 4005; baseline -0.007 -14"><span class='ocrx_word' id='word_1_408' title='bbox 238 3942 547 3991; x_wconf 72' lang='lat' dir='ltr'>theoretionProCaecina</span> <span class='ocrx_word' id='word_1_409' title='bbox 556 3946 588 4005; x_wconf 90' lang='lat' dir='ltr'>(c.</span> <span class='ocrx_word' id='word_1_410' title='bbox 600 3942 652 4005; x_wconf 77' lang='grc'><strong>33),</strong></span> <span class='ocrx_word' id='word_1_411' title='bbox 660 3942 692 3990; x_wconf 90' lang='lat' dir='ltr'>he</span> <span class='ocrx_word' id='word_1_412' title='bbox 702 3944 789 4004; x_wconf 83' lang='lat' dir='ltr'>speaks</span> <span class='ocrx_word' id='word_1_413' title='bbox 797 3940 826 3989; x_wconf 80' lang='lat' dir='ltr'>oi</span> <span class='ocrx_word' id='word_1_414' title='bbox 854 3940 903 3987; x_wconf 86' lang='lat' dir='ltr'>and</span> <span class='ocrx_word' id='word_1_415' title='bbox 924 3955 950 3987; x_wconf 88' lang='lat' dir='ltr'>as</span> <span class='ocrx_word' id='word_1_416' title='bbox 977 3940 1020 3987; x_wconf 88' lang='lat' dir='ltr'>the</span> <span class='ocrx_word' id='word_1_417' title='bbox 1042 3938 1151 4000; x_wconf 77' lang='lat' dir='ltr'>Equites.</span> <span class='ocrx_word' id='word_1_418' title='bbox 1169 3944 1195 3984; x_wconf 86' lang='lat' dir='ltr'>to</span> <span class='ocrx_word' id='word_1_419' title='bbox 1215 3936 1291 3983; x_wconf 82' lang='lat' dir='ltr'>which</span> <span class='ocrx_word' id='word_1_420' title='bbox 1310 3936 1380 3983; x_wconf 89' lang='lat' dir='ltr'>order</span> <span class='ocrx_word' id='word_1_421' title='bbox 1399 3942 1442 3983; x_wconf 89' lang='lat' dir='ltr'>te</span> 
     </span>
     <span class='ocr_line' id='line_1_41' title="bbox 238 4000 1441 4063; baseline -0.007 -8"><span class='ocrx_word' id='word_1_422' title='bbox 238 4007 342 4055; x_wconf 76' lang='lat' dir='ltr'>another</span> <span class='ocrx_word' id='word_1_423' title='bbox 361 4022 414 4055; x_wconf 79' lang='lat' dir='ltr'>case</span> <span class='ocrx_word' id='word_1_424' title='bbox 432 4008 545 4055; x_wconf 72' lang='lat' dir='ltr'>tbatwss</span> <span class='ocrx_word' id='word_1_425' title='bbox 561 4009 631 4055; x_wconf 74' lang='lat' dir='ltr'>twice</span> <span class='ocrx_word' id='word_1_426' title='bbox 649 4007 738 4055; x_wconf 86' lang='lat' dir='ltr'>heard:</span> <span class='ocrx_word' id='word_1_427' title='bbox 757 4007 823 4055; x_wconf 76' lang='lat' dir='ltr'>“de-</span> <span class='ocrx_word' id='word_1_428' title='bbox 856 4004 981 4053; x_wconf 76' lang='lat' dir='ltr'>Publiceni</span> <span class='ocrx_word' id='word_1_429' title='bbox 992 4002 1118 4063; x_wconf 86' lang='lat' dir='ltr'>belonged,</span> <span class='ocrx_word' id='word_1_430' title='bbox 1130 4016 1192 4049; x_wconf 79' lang='lat' dir='ltr'>were</span> <span class='ocrx_word' id='word_1_431' title='bbox 1207 4006 1233 4047; x_wconf 88' lang='lat' dir='ltr'>at</span> <span class='ocrx_word' id='word_1_432' title='bbox 1251 4000 1306 4047; x_wconf 87' lang='lat' dir='ltr'>tlmt</span> <span class='ocrx_word' id='word_1_433' title='bbox 1324 4000 1381 4047; x_wconf 83' lang='lat' dir='ltr'>time</span> <span class='ocrx_word' id='word_1_434' title='bbox 1398 4000 1441 4047; x_wconf 85' lang='lat' dir='ltr'>tha</span> 
     </span>
     <span class='ocr_line' id='line_1_42' title="bbox 239 4062 1441 4135; baseline -0.006 -16"><span class='ocrx_word' id='word_1_435' title='bbox 239 4072 337 4120; x_wconf 82' lang='lat' dir='ltr'>nemriri</span> <span class='ocrx_word' id='word_1_436' title='bbox 358 4073 437 4135; x_wconf 83' lang='lat' dir='ltr'>prima</span> <span class='ocrx_word' id='word_1_437' title='bbox 457 4074 552 4121; x_wconf 75' lang='lat' dir='ltr'>actium</span> <span class='ocrx_word' id='word_1_438' title='bbox 572 4086 622 4119; x_wconf 85' lang='lat' dir='ltr'>nou</span> <span class='ocrx_word' id='word_1_439' title='bbox 647 4072 823 4132; x_wconf 80' lang='lat' dir='ltr'>judicaverunt,</span> <span class='ocrx_word' id='word_1_440' title='bbox 855 4068 962 4124; x_wconf 87' lang='lat' dir='ltr'>Judices,</span> <span class='ocrx_word' id='word_1_441' title='bbox 973 4068 1031 4129; x_wconf 84' lang='lat' dir='ltr'>they</span> <span class='ocrx_word' id='word_1_442' title='bbox 1043 4065 1172 4113; x_wconf 88' lang='lat' dir='ltr'>succeeded</span> <span class='ocrx_word' id='word_1_443' title='bbox 1184 4066 1209 4112; x_wconf 92' lang='lat' dir='ltr'>in</span> <span class='ocrx_word' id='word_1_444' title='bbox 1220 4064 1337 4125; x_wconf 76' lang='lat' dir='ltr'>gottinga</span> <span class='ocrx_word' id='word_1_445' title='bbox 1351 4062 1441 4112; x_wconf 87' lang='lat' dir='ltr'>rerdict</span> 
     </span>
     <span class='ocr_line' id='line_1_43' title="bbox 238 4127 1441 4199; baseline -0.007 -14"><span class='ocrx_word' id='word_1_446' title='bbox 238 4142 324 4199; x_wconf 81' lang='lat' dir='ltr'>postea</span> <span class='ocrx_word' id='word_1_447' title='bbox 333 4152 360 4184; x_wconf 91' lang='lat' dir='ltr'>re</span> <span class='ocrx_word' id='word_1_448' title='bbox 370 4138 478 4199; x_wconf 77' lang='lat' dir='ltr'>quaesita</span> <span class='ocrx_word' id='word_1_449' title='bbox 489 4142 514 4184; x_wconf 85' lang='lat' dir='ltr'>st</span> <span class='ocrx_word' id='word_1_450' title='bbox 524 4130 683 4192; x_wconf 82' lang='lat' dir='ltr'>deliberata,&#39;’</span> <span class='ocrx_word' id='word_1_451' title='bbox 695 4138 739 4184; x_wconf 81' lang='lat' dir='ltr'>&amp;c</span> <span class='ocrx_word' id='word_1_452' title='bbox 854 4134 948 4197; x_wconf 83' lang='lat' dir='ltr'>against</span> <span class='ocrx_word' id='word_1_453' title='bbox 966 4132 1071 4180; x_wconf 86' lang='lat' dir='ltr'>Rutilius</span> <span class='ocrx_word' id='word_1_454' title='bbox 1091 4130 1155 4191; x_wconf 88' lang='lat' dir='ltr'>(le.</span> <span class='ocrx_word' id='word_1_455' title='bbox 1169 4130 1235 4190; x_wconf 82' lang='lat' dir='ltr'>Epit.</span> <span class='ocrx_word' id='word_1_456' title='bbox 1247 4127 1299 4189; x_wconf 79' lang='lat'><strong>70).</strong></span> <span class='ocrx_word' id='word_1_457' title='bbox 1335 4128 1441 4177; x_wconf 84' lang='lat' dir='ltr'>Rutilius</span> 
     </span>
     <span class='ocr_line' id='line_1_44' title="bbox 267 4192 1441 4265; baseline -0.007 -16"><span class='ocrx_word' id='word_1_458' title='bbox 267 4203 454 4265; x_wconf 56' lang='lat' dir='ltr'>potestatum]</span> <span class='ocrx_word' id='word_1_459' title='bbox 478 4201 617 4249; x_wconf 81' lang='lat' dir='ltr'>Mommsen</span> <span class='ocrx_word' id='word_1_460' title='bbox 633 4215 750 4261; x_wconf 83' lang='lat' dir='ltr'>supposes</span> <span class='ocrx_word' id='word_1_461' title='bbox 768 4200 823 4247; x_wconf 80' lang='lat' dir='ltr'>that</span> <span class='ocrx_word' id='word_1_462' title='bbox 854 4198 974 4248; x_wconf 80' lang='lat' dir='ltr'>defended</span> <span class='ocrx_word' id='word_1_463' title='bbox 986 4194 1086 4245; x_wconf 78' lang='lat' dir='ltr'>himself</span> <span class='ocrx_word' id='word_1_464' title='bbox 1102 4192 1165 4257; x_wconf 89' lang='lat' dir='ltr'>(Cic.</span> <span class='ocrx_word' id='word_1_465' title='bbox 1178 4194 1216 4241; x_wconf 91' lang='lat' dir='ltr'>De</span> <span class='ocrx_word' id='word_1_466' title='bbox 1227 4194 1271 4241; x_wconf 91' lang='lat' dir='ltr'>Or.</span> <span class='ocrx_word' id='word_1_467' title='bbox 1284 4194 1300 4240; x_wconf 89' lang='lat' dir='ltr'>i.</span> <span class='ocrx_word' id='word_1_468' title='bbox 1313 4194 1360 4249; x_wconf 72' lang='lat' dir='ltr'>ou,</span> <span class='ocrx_word' id='word_1_469' title='bbox 1378 4192 1441 4241; x_wconf 89' lang='lat' dir='ltr'>Bru-</span> 
     </span>
     <span class='ocr_line' id='line_1_45' title="bbox 243 4258 1441 4327; baseline -0.012 -14"><span class='ocrx_word' id='word_1_470' title='bbox 243 4265 405 4314; x_wconf 84' lang='lat' dir='ltr'>¹obtinendis’</span> <span class='ocrx_word' id='word_1_471' title='bbox 423 4280 528 4313; x_wconf 85' lang='lat' dir='ltr'>orsorne</span> <span class='ocrx_word' id='word_1_472' title='bbox 546 4265 605 4312; x_wconf 89' lang='lat' dir='ltr'>sucb</span> <span class='ocrx_word' id='word_1_473' title='bbox 616 4265 682 4311; x_wconf 83' lang='lat' dir='ltr'>word</span> <span class='ocrx_word' id='word_1_474' title='bbox 700 4266 744 4313; x_wconf 85' lang='lat' dir='ltr'>has</span> <span class='ocrx_word' id='word_1_475' title='bbox 761 4264 822 4311; x_wconf 91' lang='lat' dir='ltr'>been</span> <span class='ocrx_word' id='word_1_476' title='bbox 854 4270 903 4321; x_wconf 88' lang='lat' dir='ltr'>tus,</span> <span class='ocrx_word' id='word_1_477' title='bbox 915 4279 935 4311; x_wconf 89' lang='lat' dir='ltr'>c.</span> <span class='ocrx_word' id='word_1_478' title='bbox 948 4262 1000 4327; x_wconf 77' lang='grc'><strong>311).</strong></span> <span class='ocrx_word' id='word_1_479' title='bbox 1035 4261 1118 4309; x_wconf 88' lang='lat' dir='ltr'>Cicero</span> <span class='ocrx_word' id='word_1_480' title='bbox 1136 4274 1190 4321; x_wconf 82' lang='lat' dir='ltr'>says</span> <span class='ocrx_word' id='word_1_481' title='bbox 1201 4258 1255 4305; x_wconf 87' lang='lat' dir='ltr'>that</span> <span class='ocrx_word' id='word_1_482' title='bbox 1271 4258 1302 4305; x_wconf 91' lang='lat' dir='ltr'>he</span> <span class='ocrx_word' id='word_1_483' title='bbox 1313 4273 1360 4304; x_wconf 82' lang='lat' dir='ltr'>was</span> <span class='ocrx_word' id='word_1_484' title='bbox 1371 4258 1441 4305; x_wconf 93' lang='lat' dir='ltr'>inno.</span> 
     </span>
     <span class='ocr_line' id='line_1_46' title="bbox 239 4322 1442 4386; baseline -0.006 -8"><span class='ocrx_word' id='word_1_485' title='bbox 239 4329 531 4379; x_wconf 72' lang='lat' dir='ltr'>omitted-‘stramem’</span> <span class='ocrx_word' id='word_1_486' title='bbox 545 4329 733 4386; x_wconf 84' lang='lat' dir='ltr'>‘atcommode,&#39;</span> <span class='ocrx_word' id='word_1_487' title='bbox 742 4329 824 4377; x_wconf 83' lang='lat' dir='ltr'>Halm.</span> <span class='ocrx_word' id='word_1_488' title='bbox 858 4335 928 4385; x_wconf 76' lang='lat' dir='ltr'>cent3</span> <span class='ocrx_word' id='word_1_489' title='bbox 945 4328 993 4375; x_wconf 87' lang='lat' dir='ltr'>and</span> <span class='ocrx_word' id='word_1_490' title='bbox 1012 4326 1033 4373; x_wconf 86' lang='lat' dir='ltr'>il</span> <span class='ocrx_word' id='word_1_491' title='bbox 1045 4324 1093 4372; x_wconf 90' lang='lat' dir='ltr'>this</span> <span class='ocrx_word' id='word_1_492' title='bbox 1104 4326 1124 4371; x_wconf 86' lang='lat' dir='ltr'>ia</span> <span class='ocrx_word' id='word_1_493' title='bbox 1136 4330 1196 4379; x_wconf 82' lang='lat' dir='ltr'>true,</span> <span class='ocrx_word' id='word_1_494' title='bbox 1208 4323 1246 4370; x_wconf 92' lang='lat' dir='ltr'>his</span> <span class='ocrx_word' id='word_1_495' title='bbox 1257 4322 1442 4371; x_wconf 88' lang='lat' dir='ltr'>condemnation</span> 
     </span>
     <span class='ocr_line' id='line_1_47' title="bbox 274 4386 1441 4457; baseline -0.007 -13"><span class='ocrx_word' id='word_1_496' title='bbox 274 4397 313 4451; x_wconf 82' lang='lat'>17.</span> <span class='ocrx_word' id='word_1_497' title='bbox 332 4396 463 4457; x_wconf 67' lang='lat' dir='ltr'>Scaena]</span> <span class='ocrx_word' id='word_1_498' title='bbox 501 4394 540 4442; x_wconf 84' lang='lat' dir='ltr'>Ha</span> <span class='ocrx_word' id='word_1_499' title='bbox 549 4408 598 4441; x_wconf 75' lang='lat' dir='ltr'>was</span> <span class='ocrx_word' id='word_1_500' title='bbox 608 4394 759 4455; x_wconf 83' lang='lat' dir='ltr'>prosecuted.</span> <span class='ocrx_word' id='word_1_501' title='bbox 770 4393 826 4440; x_wconf 87' lang='lat' dir='ltr'>itis</span> <span class='ocrx_word' id='word_1_502' title='bbox 858 4389 1211 4440; x_wconf 72' lang='lat' dir='ltr'>mamorescandslousact</span> <span class='ocrx_word' id='word_1_503' title='bbox 1225 4386 1441 4450; x_wconf 85' lang='lat' dir='ltr'>thantbeacquit·</span> 
     </span>
     <span class='ocr_line' id='line_1_48' title="bbox 239 4453 1441 4523; baseline -0.004 -15"><span class='ocrx_word' id='word_1_504' title='bbox 239 4460 495 4523; x_wconf 84' lang='lat' dir='ltr'>said,byM.Brutns</span> <span class='ocrx_word' id='word_1_505' title='bbox 511 4474 547 4508; x_wconf 94' lang='lat' dir='ltr'>on</span> <span class='ocrx_word' id='word_1_506' title='bbox 563 4474 580 4506; x_wconf 86' lang='lat' dir='ltr'>a</span> <span class='ocrx_word' id='word_1_507' title='bbox 596 4458 684 4519; x_wconf 78' lang='lat' dir='ltr'>charge</span> <span class='ocrx_word' id='word_1_508' title='bbox 703 4458 731 4505; x_wconf 82' lang='lat' dir='ltr'>ol</span> <span class='ocrx_word' id='word_1_509' title='bbox 745 4458 825 4519; x_wconf 82' lang='lat' dir='ltr'>Repe-</span> <span class='ocrx_word' id='word_1_510' title='bbox 856 4456 943 4505; x_wconf 76' lang='lat' dir='ltr'>talsol</span> <span class='ocrx_word' id='word_1_511' title='bbox 959 4454 1001 4503; x_wconf 83' lang='lat' dir='ltr'>the</span> <span class='ocrx_word' id='word_1_512' title='bbox 1018 4454 1102 4517; x_wconf 79' lang='lat' dir='ltr'>guilty,</span> <span class='ocrx_word' id='word_1_513' title='bbox 1114 4454 1191 4501; x_wconf 78' lang='lat' dir='ltr'>which</span> <span class='ocrx_word' id='word_1_514' title='bbox 1208 4468 1269 4501; x_wconf 75' lang='lat' dir='ltr'>were</span> <span class='ocrx_word' id='word_1_515' title='bbox 1288 4468 1399 4501; x_wconf 80' lang='lat' dir='ltr'>wmmon</span> <span class='ocrx_word' id='word_1_516' title='bbox 1416 4453 1441 4503; x_wconf 89' lang='lat' dir='ltr'>in</span> 
     </span>
     <span class='ocr_line' id='line_1_49' title="bbox 238 4516 1443 4589; baseline -0.004 -17"><span class='ocrx_word' id='word_1_517' title='bbox 238 4526 329 4574; x_wconf 84' lang='lat' dir='ltr'>tnndse</span> <span class='ocrx_word' id='word_1_518' title='bbox 338 4527 424 4575; x_wconf 70' lang='lat' dir='ltr'>subl</span> <span class='ocrx_word' id='word_1_519' title='bbox 439 4522 827 4589; x_wconf 70' lang='lat' dir='ltr'>(ReimDasCriminalrcchtder</span> <span class='ocrx_word' id='word_1_520' title='bbox 857 4520 1019 4571; x_wconf 81' lang='lat' dir='ltr'>thoaetinres.</span> <span class='ocrx_word' id='word_1_521' title='bbox 1053 4520 1132 4567; x_wconf 81' lang='lat' dir='ltr'>Rufus</span> <span class='ocrx_word' id='word_1_522' title='bbox 1149 4516 1443 4574; x_wconf 80' lang='lat' dir='ltr'>retiredtoAsia,whera</span> 
     </span>
     <span class='ocr_line' id='line_1_50' title="bbox 240 4582 1443 4653; baseline -0.005 -15"><span class='ocrx_word' id='word_1_523' title='bbox 240 4589 346 4650; x_wconf 73' lang='grc' dir='ltr'><strong>Ιίὅιιιοη</strong></span> <span class='ocrx_word' id='word_1_524' title='bbox 373 4590 422 4639; x_wconf 79' lang='lat' dir='ltr'>and</span> <span class='ocrx_word' id='word_1_525' title='bbox 443 4590 576 4649; x_wconf 76' lang='lat' dir='ltr'>Cbuisius,</span> <span class='ocrx_word' id='word_1_526' title='bbox 598 4604 624 4653; x_wconf 86' lang='lat' dir='ltr'>p.</span> <span class='ocrx_word' id='word_1_527' title='bbox 643 4589 684 4647; x_wconf 74' lang='lat'>7⁴,</span> <span class='ocrx_word' id='word_1_528' title='bbox 703 4589 758 4647; x_wconf 71' lang='lat'>124,</span> <span class='ocrx_word' id='word_1_529' title='bbox 777 4586 827 4636; x_wconf 87' lang='lat' dir='ltr'>and</span> <span class='ocrx_word' id='word_1_530' title='bbox 859 4587 943 4637; x_wconf 88' lang='lat' dir='ltr'>Cicero</span> <span class='ocrx_word' id='word_1_531' title='bbox 954 4600 1002 4635; x_wconf 77' lang='lat' dir='ltr'>sau</span> <span class='ocrx_word' id='word_1_532' title='bbox 1014 4584 1064 4635; x_wconf 89' lang='lat' dir='ltr'>him</span> <span class='ocrx_word' id='word_1_533' title='bbox 1075 4590 1102 4633; x_wconf 90' lang='lat' dir='ltr'>at</span> <span class='ocrx_word' id='word_1_534' title='bbox 1113 4584 1216 4649; x_wconf 79' lang='lat' dir='ltr'>Smyrna</span> <span class='ocrx_word' id='word_1_535' title='bbox 1227 4584 1289 4649; x_wconf 87' lang='lat' dir='ltr'>(.c.</span> <span class='ocrx_word' id='word_1_536' title='bbox 1301 4582 1344 4649; x_wconf 79' lang='grc'>78)</span> <span class='ocrx_word' id='word_1_537' title='bbox 1356 4582 1443 4647; x_wconf 84' lang='lat' dir='ltr'>during</span> 
     </span>
    </p>
   </div>
   <div class='ocr_carea' id='block_1_6' title="bbox 808 4667 874 4755">
    <p class='ocr_par' dir='ltr' id='par_1_7' title="bbox 808 4667 874 4755">
     <span class='ocr_line' id='line_1_51' title="bbox 808 4667 874 4755; baseline 0 -26"><span class='ocrx_word' id='word_1_538' title='bbox 808 4667 874 4755; x_wconf 70' lang='lat' dir='ltr'>nt</span> 
     </span>
    </p>
   </div>
   <div class='ocr_carea' id='block_1_7' title="bbox 0 0 1764 5325">
    <p class='ocr_par' dir='ltr' id='par_1_8' title="bbox 0 0 1764 5325">
     <span class='ocr_line' id='line_1_52' title="bbox 0 0 1764 5325; baseline 0 0"><span class='ocrx_word' id='word_1_539' title='bbox 0 0 1764 5325; x_wconf 95' lang='lat' dir='ltr'> </span> 
     </span>
    </p>
   </div>
  </div>
 </body>
</html>
