3517 5325
717 449 818 514 GAP.
844 450 963 528 16,17.
1379 454 1443 524 273

240 617 293 695 sit,
322 617 474 698 Quirites,
500 640 597 704 quum
623 619 798 684 eommunis
826 619 940 684 salutis
964 626 1062 704 atque
1091 621 1222 706 imperii,
1250 628 1319 687 tum
1341 621 1441 708 ipsius

239 715 376 780 hominis
390 737 512 794 caussa,
529 713 623 780 sicuti
638 715 751 795 facitis,
767 715 846 780 velle
862 723 896 781 et
911 723 1023 802 optare
1037 717 1172 782 debetis.

284 814 390 894 Quare
405 834 502 897 quum
517 821 551 876 et
565 812 681 876 bellum
696 813 739 876 sit
754 813 800 878 ita
814 815 1027 878 necessarium
1049 822 1086 878 ιιι
1107 814 1225 901 negligi
1247 837 1311 878 non
1325 815 1439 899 possit,

240 909 287 974 ita
301 931 453 996 magnum
467 920 505 974 ιιι
519 910 759 975 accuratissime
783 911 826 976 sit
849 912 1147 990 administrandum,
1163 920 1197 977 et
1212 934 1310 998 quum
1331 913 1360 976 ei
1382 912 1440 976 im·

239 1013 419 1090 peratorem
442 1007 615 1091 praeficere
636 1008 776 1092 possitis,
791 1008 824 1070 in
846 1030 909 1094 quo
931 1009 974 1075 sit
994 1009 1110 1074 eximia
1131 1009 1203 1074 belli
1218 1009 1360 1086 scientia,
1377 1010 1441 1074 sin-

239 1103 359 1187 gularis
387 1103 498 1182 virtus,
530 1103 702 1168 clarissima
731 1105 916 1184 auctoritas,
947 1106 1077 1192 egregia
1105 1106 1242 1181 fortuna,
1273 1105 1438 1187 dubitatis,
1527 1171 1531 1176 ,

241 1200 390 1281 Quirites,
407 1200 483 1284 quin
506 1201 567 1264 hoc
591 1208 718 1265 tantum
741 1203 824 1280 honi,
841 1203 927 1287 quod
950 1203 1039 1267 vobis
1060 1205 1102 1266 ab
1126 1203 1186 1267 diis
1209 1203 1440 1268 immortalibus

239 1296 380 1360 oblatum
395 1304 429 1360 et
443 1297 554 1360 datum
569 1305 628 1374 est,
645 1297 680 1360 in'
693 1319 759 1361 rem
774 1299 931 1384 publicam
947 1300 1193 1363 conservandam
1208 1307 1306 1384 atque
1329 1301 1438 1384 ampli-

239 1393 395 1456 ficandam
410 1392 604 1458 conferatis?
641 1393 763 1458 XVII.
788 1395 879 1476 Quod
895 1396 922 1459 si
939 1396 1060 1460 Romae
1076 1395 1135 1459 On.
1152 1395 1323 1482 Pompeius
1337 1396 1439 1481 priva·

238 1497 293 1552 tus
307 1496 393 1554 esset
407 1489 468 1554 hoo
483 1497 635 1574 tempore,
651 1495 760 1554 tamen
783 1491 825 1555 ad
849 1499 976 1556 tentum
992 1493 1109 1556 bellum
1126 1492 1154 1556 is
1169 1503 1238 1556 erat
1254 1492 1439 1578 deligendus

238 1594 333 1672 atque
348 1587 533 1651 mittendus.
579 1586 680 1666 Nunc,
698 1609 794 1672 quum
816 1589 858 1652 ad
879 1598 1004 1654 ceteras
1026 1611 1166 1654 summas
1181 1590 1339 1655 utilitates
1358 1590 1438 1654 haec

238 1706 363 1770 quoque
374 1684 596 1770 opportunitas
604 1685 808 1771 adjungatur,
821 1691 857 1749 ut
873 1686 905 1749 in
920 1686 959 1750 iis
980 1685 1057 1771 ipsis
1071 1686 1150 1750 locis
1164 1686 1258 1765 adsit,
1270 1693 1308 1751 ut
1321 1687 1438 1752 habeat

238 1781 420 1860 exercitum,
437 1788 474 1846 ut
488 1783 529 1845 ab
544 1782 582 1846 iis
597 1782 650 1868 qui
666 1783 786 1847 habent
799 1783 943 1868 accipere
956 1783 1067 1847 statim
1083 1783 1195 1869 possit,
1211 1783 1288 1869 quid
1308 1805 1437 1869 exspec-

238 1885 352 1956 tamus,
377 1885 435 1942 aut
459 1901 516 1942 cur
538 1901 602 1942 non
629 1879 762 1944 ducibus
781 1879 843 1944 diis
865 1879 1097 1944 immortalibus
1131 1881 1234 1945 eidem
1255 1880 1306 1944 cui
1330 1888 1439 1944 cetera

238 1996 361 2038 summa
376 1997 448 2038 cum
467 1974 569 2040 salute
592 1975 638 2040 rei
659 1975 803 2062 publicae
827 1977 997 2042 commissa
1015 1983 1092 2042 sunt
1106 1977 1167 2042 hoc
1181 1999 1306 2064 quoque
1320 1978 1438 2042 bellum

238 2072 359 2156 regium
374 2072 632 2138 committamus?

282 2169 429 2232 atenim
443 2171 490 2234 vir
504 2169 705 2248 clarissimus,
722 2169 960 2236 amantissimus
975 2170 1021 2236 rei
1042 2172 1196 2256 publicae,
1212 2171 1328 2236 vestris
1341 2173 1437 2236 bene-

239 2265 318 2328 ficiis
332 2265 532 2351 amplissimis
553 2267 698 2346 affectus,
715 2267 753 2348 Q.
771 2267 911 2343 Catulus,
930 2269 1070 2352 itemque
1091 2268 1222 2332 summis
1243 2269 1437 2332 ornamentis

238 2361 375 2438 honoria,
389 2363 545 2439 fortunae,
562 2364 700 2440 virtutis,
716 2363 833 2447 ingenii
849 2365 1023 2448 praeditus,
1043 2366 1082 2445 Q.
1100 2364 1304 2438 Hortensius,
1320 2367 1362 2428 ab
1377 2365 1438 2427 hac

237 2459 359 2523 ratione
373 2460 582 2524 dissentiunt:
607 2481 741 2544 quorum
753 2481 813 2544 ego
828 2460 1055 2523 auctoritatem
1068 2461 1153 2543 apud
1167 2482 1223 2522 vos
1236 2460 1346 2523 multis
1360 2459 1438 2522 locis

175 2619 180 2627 ,
236 2557 405 2640 plurimum
419 2557 553 2620 valuisse
574 2563 608 2620 et
622 2555 725 2620 valere
747 2563 895 2638 oportere
917 2555 1080 2632 confiteor,
1098 2557 1154 2618 sed
1176 2556 1209 2618 in
1231 2555 1291 2618 hao
1313 2577 1435 2632 caussa,

205 2708 209 2715 ,
237 2653 366 2717 tametsi
388 2651 579 2738 cognoscitis
600 2651 809 2717 auctoritates
832 2651 1009 2715 contrarias
1031 2651 1169 2716 virorum
1193 2651 1437 2717 fortissimorum

236 2758 271 2813 et
294 2749 546 2827 clarissimorum,
567 2757 674 2814 tamen
696 2749 821 2813 omissis
841 2749 1090 2815 auctoritatibus
1111 2750 1180 2834 ipsa
1200 2771 1234 2812 re
1253 2771 1292 2812 ac
1313 2750 1437 2813 ratione

236 2844 400 2930 exquirere
415 2866 582 2931 possumus
597 2846 784 2919 veritatem
809 2853 907 2930 atque
926 2846 986 2909 hoc
1007 2846 1129 2910 facilius
1151 2848 1237 2932 quod
1260 2868 1299 2910 ea
1322 2848 1435 2922 omnia,

236 2964 319 3027 quae
340 2964 360 3005 a
383 2964 433 3005 me
456 2944 561 3006 adhuc
585 2943 672 3008 dicta
696 2950 781 3019 sunt,
804 2943 900 3006 iidem
922 2942 976 3007 isti
998 2965 1074 3007 vera
1097 2964 1167 3006 esse
1190 2944 1377 3020 concedunt,
1402 2952 1437 3008 et

194 3079 195 3083 =
236 3040 449 3103 necessarium
464 3040 580 3104 bellum
595 3062 666 3105 esse
681 3048 716 3105 et
730 3062 879 3124 magnum
902 3048 937 3104 et
951 3040 983 3103 in
999 3063 1061 3104 uno
1077 3039 1136 3104 Co.
1148 3040 1300 3124 Pompeio
1315 3062 1437 3103 summa

236 3159 306 3201 esse
321 3138 435 3201 omnia.
483 3136 567 3217 Quid
582 3137 681 3223 igitur
694 3138 740 3201 ait
757 3137 973 3201 Hortensiusl
1018 3138 1052 3201 Si
1073 3138 1127 3201 uni
1147 3138 1253 3201 omnia
1267 3137 1436 3201 tribuenda

236 3235 310 3315 sint,
321 3236 540 3320 dignissimum
554 3258 624 3299 esse
640 3234 835 3319 Pompeium,
847 3235 903 3298 sed
917 3236 960 3299 ad
975 3258 1071 3299 unum
1085 3244 1193 3301 tamen
1205 3236 1310 3300 onmia
1321 3234 1436 3298 deferri

236 3354 299 3396 nou
324 3342 481 3419 oportere.
527 3331 693 3397 Obsolevit
712 3333 780 3416 jam
806 3331 870 3395 ista
894 3332 1005 3411 oratio,
1030 3354 1065 3396 re
1087 3333 1189 3397 multo
1214 3333 1317 3419 magis
1342 3336 1450 3419 quarn'

259 3494 296 3549 17.
308 3494 730 3558 Quadri-erret—tamen-r'reral]
738 3496 819 3543 “Now
851 3509 894 3544 cos
904 3499 931 3543 ιο
942 3494 1025 3543 Cicero
1037 3494 1088 3559 (Ad
1105 3496 1161 3544 Div.
1174 3510 1199 3543 x.
1211 3495 1254 3560 23)
1265 3514 1271 3543 =
1290 3499 1357 3558 “pro
1368 3496 1436 3545 urbis

237 3558 258 3605 ιι
267 3558 505 3621 le'ompeiushad
515 3559 575 3607 been
585 3565 611 3607 at
622 3560 699 3611 Romo
710 3560 736 3608 in
746 3560 818 3623 apri-
850 3574 907 3607 rero
924 3560 1000 3607 salute
1018 3576 1062 3607 our
1079 3575 1128 3608 non
1152 3561 1264 3609 omnibns
1282 3560 1436 3609 facultatibus

237 3628 291 3670 rata
302 3624 416 3685 capadty,
428 3624 477 3671 still
492 3624 523 3671 he
537 3624 613 3685 ought
629 3629 655 3671 to
669 3624 699 3673 be
715 3624 819 3672 selected
850 3639 910 3687 qnae
920 3624 1036 3672 habemus
1047 3630 1143 3672 utamur
1152 3624 1181 3672 ?”

236 3686 283 3733 and
291 3692 374 3735 seutto
383 3688 485 3735 conduct
493 3703 520 3735 so
528 3688 660 3751 important
668 3688 758 3736 awar.''
777 3689 818 3737 On
881 3690 918 3736 At
929 3691 992 3735 enim
1001 3689 1057 3750 dra]
1070 3690 1174 3736 Thisisa
1182 3688 1301 3751 supposed
1307 3687 1436 3748 objection,

236 3751 279 3798 tha
297 3750 447 3811 subjunctive
465 3752 513 3799 and
530 3752 656 3799 indicative
670 3767 710 3800 ree
729 3752 783 3800 Vol.
796 3752 818 3799 1.
850 3752 1016 3800 whiehCiccro
1027 3753 1269 3815 isgoingtoanswer.
1303 3752 1434 3799 SeeVold.

236 3814 305 3862 Verr.
316 3815 341 3861 ii.
354 3820 377 3863 ιι.
388 3832 409 3864 ο.
421 3819 460 3866 49.
492 3816 575 3865 Cicero
591 3832 645 3878 says
661 3816 819 3879 (adnutu.
852 3816 908 3863 Δοι.
922 3817 1008 3863 Lot.
1033 3815 1434 3871 &Catuluswaroonrulaem

237 3880 296 3941 ml:
314 3884 330 3906 ⁴⁴
340 3878 393 3940 Ego
418 3880 465 3927 uod
477 3896 520 3941 per
536 3880 684 3929 Thessaliam
695 3882 715 3928 si
727 3882 786 3928 irem
795 3880 821 3929 ιιι
852 3879 911 3927 with
922 3878 959 3926 M.
970 3880 1087 3927 Aemilius
1098 3880 1205 3943 lapidus
1220 3894 1246 3926 aa
1256 3880 1294 3928 hu
1305 3880 1434 3939 oollcague.

236 3942 373 4005 Epirum,p
417 3946 441 3991 iu
452 3944 512 3991 nihil
522 3959 586 3993 eram
598 3944 749 3993 auditurns.”
855 3942 1432 4003 Seathelntrod.—‘tameteiooguoscitis,'&o.r

268 4012 296 4055 ul
305 4010 331 4055 in
342 4010 373 4055 iia
384 4010 441 4069 r'paia
453 4009 524 4071 locta]
545 4009 590 4057 See
602 4008 693 4056 Introd.
854 4006 970 4067 “though
985 4022 1033 4068 you
1043 4006 1113 4053 ιιιιοιι
1124 4006 1178 4053 that
1188 4007 1256 4053 there
1272 4020 1312 4052 arc
1323 4007 1434 4068 opposita

269 4072 480 4133 committamurl]
508 4072 561 4119 Tho
589 4072 658 4120 other
679 4072 778 4133 reading
799 4071 820 4119 ie
852 4070 964 4133 opinione
979 4077 1005 4117 to
1021 4069 1092 4116 thore
1106 4070 1135 4116 of
1148 4070 1248 4117 Carnus
1260 4069 1308 4115 and
1326 4070 1433 4117 Horten·

237 4136 441 4184 ‘committimus'
485 4136 596 4183 Benecke
618 4151 672 4197 says
691 4138 744 4183 that
761 4142 819 4183 'cru
851 4134 909 4192 aius,
920 4132 968 4181 and
984 4134 1095 4195 opinions
1106 4133 1134 4181 of
1142 4139 1206 4181 most
1217 4134 1322 4180 resolute
1336 4135 1384 4180 and
1395 4149 1432 4180 re-

236 4200 499 4247 nen-committimns'
524 4214 644 4261 expresses
665 4200 722 4247 nith
741 4200 818 4260 indig-
851 4198 948 4260 epected
960 4213 1025 4254 men,
1036 4198 1093 4251 still,
1105 4198 1202 4259 patting
1212 4198 1277 4245 acida
1291 4197 1334 4244 the
1345 4199 1434 4258 rrelght

235 4264 317 4309 nation
335 4264 382 4311 aud
394 4265 505 4311 vexation
521 4264 563 4310 the
578 4264 626 4310 lact
644 4264 698 4311 that
715 4264 757 4311 the
771 4280 819 4310 war
851 4262 1359 4323 olopinions,wecaneearehoutthetrnth
1370 4261 1432 4311 from

235 4326 255 4374 ir
277 4332 320 4374 not
346 4328 465 4375 intrusted
492 4332 517 4374 to
541 4327 675 4389 Pompeius,
697 4328 744 4375 and
766 4328 820 4374 that
851 4326 894 4374 the
908 4326 1122 4373 factethemsalvea
1132 4326 1180 4372 and
1193 4325 1330 4373 thereason
1346 4326 1375 4372 ol
1390 4327 1433 4373 the

236 4396 293 4437 ὀιιι
311 4390 588 4440 non-committamue’
603 4407 693 4448 means,
708 4392 762 4439 that
778 4392 820 4439 the
853 4388 1144 4450 caae.''-‘oognoscitis:’
1155 4394 1161 4417 ⁴
1171 4387 1333 4451 mguosoetir,’
1342 4389 1431 4440 Baiter.

236 4456 335 4516 speaker
345 4472 416 4517 urges
426 4456 480 4503 that
497 4463 522 4503 ιο
539 4456 568 4503 bc
585 4456 647 4503 done
658 4456 734 4503 which
745 4456 766 4501 ie
777 4460 820 4503 not
885 4456 933 4502 iata
949 4454 1049 4515 cratia]
1066 4454 1238 4513 Tbereading‘
1247 4454 1307 4500 ratio
1317 4452 1356 4500 ’in
1368 4455 1431 4502 Pris-

236 4526 276 4580 yct
286 4520 357 4567 done.
393 4520 432 4567 He
443 4536 565 4584 compares
576 4521 618 4569 the
632 4520 703 4568 letter
712 4520 740 4567 ol
750 4520 819 4567 Plau·
852 4520 914 4577 οιιιιι,
925 4534 949 4581 p.
957 4520 1014 4577 872,
1025 4519 1046 4567 ia
1056 4519 1167 4583 properly
1181 4518 1285 4581 rejected
1301 4517 1333 4581 by
1348 4520 1431 4574 Halm.

279 4604 353 4647 VOL.
379 4606 416 4647 ll.
1240 4604 1260 4645 'l'
