3517 5325
329 467 393 532 312
647 466 781 531 ORAT.
806 465 898 530 PRO
921 468 965 531 A.
988 467 1225 533 OLUENTIO

330 637 529 722 Cleophanto
540 663 549 712 ς
568 638 658 722 cujus
669 659 796 701 servum
811 637 989 723 Diogenem
1001 639 1170 703 Fabricius
1184 638 1226 702 ad
1237 658 1394 702 venenum
1406 637 1537 704 Habito

330 735 466 799 dandum
483 757 539 820 spe
554 742 587 799 et
603 731 893 819 pretio‘sollicitare
912 737 1028 821 coepit.
1075 737 1192 800 Servus
1213 757 1278 799 nou
1301 735 1467 814 incallidus
1489 746 1535 812 et,

328 841 366 896 ut
380 853 432 895 res
448 831 517 915 ipsa
531 832 712 909 declaravit,
732 832 817 918 frugi
840 840 937 918 atque
959 834 1086 918 integer
1108 855 1287 898 sermonem
1304 833 1447 897 Fabricii
1467 855 1537 898 non

328 935 380 992 est
395 936 603 1013 aspernatus:
627 951 696 993 rem
710 930 751 993 ad
766 930 928 994 domiuum
943 932 1076 996 detulit:
1102 932 1319 1016 Cleophantus
1333 937 1443 994 autem
1458 953 1535 994 cum

330 1025 453 1090 Habito
473 1034 524 1091 est
542 1027 725 1092 collocutus.
784 1027 926 1092 Habitus
947 1029 1060 1093 statim
1083 1051 1157 1092 cum
1181 1029 1230 1092 M.
1247 1028 1368 1092 Baebio
1381 1035 1534 1092 senatore

327 1123 571 1188 familiarissimo
586 1146 643 1188 suo
660 1126 927 1202 communicavit,
952 1127 1007 1212 qui
1021 1149 1084 1212 qua
1097 1127 1170 1203 fide,
1187 1148 1251 1211 qua
1272 1125 1451 1210 prudentia,
1468 1147 1534 1211 qua

327 1220 492 1306 diligentia
507 1222 611 1300 luerit,
629 1221 809 1286 meminisse
823 1245 880 1286 vos
900 1224 1047 1288 arbitror.
1094 1223 1135 1287 Ei
1157 1223 1279 1308 placuit
1300 1230 1336 1286 ut
1352 1222 1532 1306 Diogenem

329 1317 472 1382 Habitus
486 1325 606 1383 emeret
626 1341 646 1382 a
668 1319 877 1404 Cleophanto,
894 1343 958 1406 quo
980 1321 1105 1385 facilius
1128 1329 1185 1385 aut
1208 1320 1533 1404 comprehenderetur

326 1437 378 1479 res
393 1415 462 1499 ejus
477 1415 601 1496 indicio,
619 1424 675 1480 aut
688 1416 768 1480 falsa
782 1439 852 1481 esse
863 1424 1117 1505 cognosceretur.
1155 1416 1206 1482 Ne
1221 1418 1341 1489 multa3
1366 1416 1532 1499 Diogenes

312 1512 460 1576 emitur:
485 1535 640 1576 venenum
656 1512 769 1578 diebus
783 1515 894 1599 paucis
912 1524 1135 1599 comparatur:
1160 1515 1253 1578 multi
1266 1514 1325 1577 viri
1340 1513 1415 1578 boui
1430 1536 1532 1600 quum

326 1631 366 1673 ex
392 1611 517 1674 occulto
542 1610 796 1689 intervenissent,
824 1613 959 1698 pecunia
983 1612 1152 1696 obsignata
1181 1633 1262 1696 quae
1290 1612 1332 1674 ob
1360 1633 1430 1674 eam
1460 1634 1531 1675 rem

326 1703 473 1782 dabatur,
490 1704 522 1767 in
537 1705 683 1770 manibus
699 1706 893 1783 Scamandri,
909 1706 1015 1771 liberti
1026 1706 1257 1781 Fabriciorum,
1270 1705 1529 1790 deprehenditur.

327 1799 393 1864 Pro
409 1801 453 1864 dii
467 1802 682 1867 immortales!
731 1803 944 1890 Oppianicum
958 1804 1126 1888 quisquam
1139 1803 1190 1866 his
1204 1803 1300 1866 rebus
1315 1803 1453 1888 coguitis
1468 1803 1531 1868 cir-

327 1906 529 1963 cumventum
550 1921 621 1964 esse
645 1901 753 1964 dicet?
797 1901 921 1965 XVII.
945 1901 1025 1981 Quis
1046 1923 1196 1986 umquam
1209 1899 1369 1978 audacior,
1386 1900 1458 1985 quis
1472 1923 1529 1964 no-

327 1995 459 2072 centior,
475 1997 545 2081 quis
559 1997 699 2082 apertior
713 1999 746 2060 in
763 1998 920 2082 judicium
941 1999 1100 2062 adductus
1122 1999 1195 2062 estl
1239 1997 1339 2080 Quod⁸
1354 1997 1527 2082 ingenium,

325 2115 405 2178 quae
420 2094 556 2158 facultas
570 2095 704 2172 dicendi,
720 2117 834 2181 quaes
849 2118 1008 2182 quoquam
1022 2097 1207 2181 excogitata
1229 2095 1369 2159 defensio
1384 2095 1458 2158 huic
1472 2096 1529 2159 uni

241 2186 245 2192 ’
325 2191 447 2255 crimini
462 2193 569 2276 potuit
578 2192 761 2258 obsisteret
807 2193 908 2257 Simul
927 2201 962 2258 et
983 2194 1060 2258 illud
1075 2196 1146 2278 quis
1160 2199 1212 2258 est
1227 2191 1282 2277 qui
1297 2192 1424 2257 dubitet
1438 2192 1527 2277 quin,

324 2288 385 2352 hac
414 2311 458 2352 re¹
474 2299 638 2374 comperta
664 2291 904 2376 ‘manifestoque
933 2292 1139 2376 deprehensa,
1169 2297 1228 2355 aut
1261 2291 1409 2355 obeunda
1439 2311 1529 2354 mors

325 2385 472 2452 Cluentio
487 2397 545 2454 aut
559 2389 758 2474 suscipienda
772 2391 935 2456 accusatio
949 2390 1068 2454 fuerit!

368 2485 456 2550 Satis
470 2509 541 2552 esse
553 2488 972 2569 arbitror-demonstratum,
985 2489 1120 2574 judices,
1136 2489 1187 2553 bis
1200 2487 1383 2553 criminibus
1396 2507 1527 2551 accusa·

323 2590 392 2647 tum
422 2605 492 2648 esse
508 2585 723 2672 ‘Oppianicum
755 2595 794 2651 ut
822 2588 957 2652 honeste
985 2586 1106 2651 absolvi
1134 2586 1219 2650 nullo
1248 2585 1343 2649 modo
1372 2582 1527 2671 potuerit.

326 2680 518 2766 Cognoscite
546 2706 630 2749 nunc
653 2684 700 2749 ita
719 2708 809 2751 reum
829 2687 964 2752 citatum
989 2706 1060 2749 esse
1077 2684 1165 2748 illum
1184 2691 1230 2763 ut,
1248 2705 1284 2746 re
1306 2683 1406 2747 semel
1426 2689 1528 2767 atque

324 2778 438 2845 iterum
470 2782 697 2867 praejudicata,
728 2784 959 2850 condemnatus
995 2784 1028 2847 in
1065 2782 1221 2867 judicium
1249 2782 1381 2847 venerit.
1441 2781 1525 2845 Nam

325 2876 496 2957 Cluentius,
517 2880 650 2963 judices,
664 2910 667 2918 .
681 2880 817 2965 primum
846 2904 961 2946 nomen
981 2883 1051 2965 ejus
1072 2880 1188 2945 detulit
1210 2881 1301 2964 cujus
1321 2880 1356 2943 in
1377 2879 1527 2943 manibus

323 2994 477 3038 venenum
493 2975 751 3060 deprehenderat.
797 2978 910 3042 iserat
927 2978 1059 3043 libertus
1072 2978 1303 3053 Fabriciorum,
1319 2976 1525 3041 Scamander.

325 3071 491 3158 Integrum
520 3074 694 3151 consilium,
721 3074 834 3157 judicii
863 3077 1005 3162 corrupti
1033 3076 1120 3140 nulla
1142 3076 1301 3161 suspicio:
1332 3074 1467 3158 simplex
1491 3074 1526 3139 in

319 3164 476 3247 judicium
500 3188 620 3243 caussa,
647 3173 736 3229 certa
759 3190 818 3244 res,
840 3191 938 3233 unum
962 3170 1081 3234 crimen
1104 3169 1237 3234 allatum
1259 3174 1320 3231 est.
1366 3166 1433 3231 Hic
1454 3173 1525 3231 tum

325 3260 502 3340 Fabricius,
525 3261 552 3324 is
572 3263 612 3325 de
634 3284 696 3348 quo
716 3272 791 3329 ante
811 3266 886 3344 dixi,
906 3268 960 3352 qui
974 3268 1094 3331 'liberto
1115 3267 1266 3331 damnato
1287 3264 1349 3329 sibi
1371 3265 1448 3329 illud
1467 3262 1525 3327 im-

322 3358 460 3440 pendere
474 3358 647 3441 periculum
660 3360 792 3441 videret,
804 3364 888 3449 quod
896 3365 974 3428 mibi
986 3388 1059 3429 cum
1072 3363 1308 3428 Aletrinatibus
1316 3360 1523 3439 vicinitatem,

323 3460 357 3517 et
372 3474 445 3516 cum·
459 3454 613 3539 plerisque
628 3479 737 3522 eorum
751 3483 902 3546 magnum
924 3485 1016 3526 usum
1039 3483 1108 3526 esse
1123 3462 1255 3539 sciebat,
1270 3460 1454 3544 frequentes
1469 3479 1526 3522 eos

323 3550 364 3614 ad
389 3571 441 3614 me
456 3552 583 3616 domum
603 3556 746 3623 adduxit.
780 3560 854 3641 ¹Qui
869 3582 1060 3645 quamquam
1079 3560 1119 3622 de
1133 3557 1270 3635 bomine,
1293 3558 1377 3621 sieut
1396 3577 1525 3621 necesse

324 3656 403 3727 erat,
429 3651 665 3731 existimabant,
687 3662 803 3733 tamen,
828 3659 913 3743 quod
936 3665 1006 3722 erat
1028 3680 1070 3721 ex
1098 3657 1211 3722 eodem
1238 3655 1418 3739 municipio,
1449 3675 1525 3717 suae

324 3746 495 3831 dignitatis
505 3772 575 3815 esse
590 3753 837 3834 arbitrabantur,
855 3777 927 3819 eum
942 3756 1058 3841 quibus
1075 3744 1171 3819 rebus
1185 3760 1317 3839 possent
1331 3745 1500 3816 defendere
1512 3776 1522 3824 ;

323 3845 417 3931 idque
432 3870 451 3911 a
466 3870 516 3913 me
539 3857 576 3914 ut
598 3851 735 3915 facerem
757 3859 792 3915 et
811 3859 848 3915 ut
863 3874 1008 3917 caussam
1028 3852 1215 3916 Scamandri
1229 3850 1423 3935 susciperem
1437 3855 1526 3934 pete-

323 3943 419 4009 bant:
442 3946 554 4032 inqua
576 3970 689 4013 caussa
705 3950 838 4035 patroni
858 3972 951 4014 omne
973 3950 1148 4035 periculum
1169 3950 1406 4014 continebatur.
1452 3944 1526 4030 Ego

324 4042 378 4125 qui
393 4065 495 4129 neque
510 4044 571 4109 illis
585 4047 702 4111 talibus
713 4048 788 4112 viris
802 4068 840 4111 ac
856 4054 924 4112 tam
938 4048 1120 4112 amantibus
1133 4046 1196 4111 mei
1210 4068 1278 4110 rem
1292 4066 1418 4131 possem
1429 4042 1528 4106 ullam

356 4250 559 4317 interemissent]
578 4256 769 4305 AsScsmander
779 4272 828 4305 was
836 4256 909 4319 going
941 4257 966 4305 It
998 4257 1019 4304 ia
1051 4261 1106 4305 truc
1130 4256 1185 4303 that
1211 4254 1254 4303 the
1281 4253 1403 4315 authority
1428 4250 1458 4298 ot
1482 4248 1526 4296 tho

324 4316 350 4359 to
362 4314 415 4375 give
426 4316 468 4363 the
478 4334 566 4381 money
577 4320 624 4367 and
639 4320 696 4368 take
712 4320 754 4369 tlre
770 4322 864 4383 poison,
876 4322 908 4369 be
940 4320 1013 4370 Mes.
1030 4321 1080 4368 will
1098 4325 1142 4368 not
1159 4320 1242 4368 deddc
1256 4318 1364 4366 basem
1380 4323 1428 4365 two
1446 4314 1525 4361 words

324 4391 372 4424 nas
390 4380 467 4427 seized
485 4382 517 4444 by
535 4382 576 4431 the
596 4384 681 4432 ‘multi
700 4386 742 4433 virt
761 4385 835 4443 boni,'
851 4388 905 4434 who
938 4386 1100 4433 whichareso
1111 4385 1177 4433 olten
1189 4380 1526 4440 weremund-‘lnam

323 4444 689 4505 werelyinginwaittodctcct
699 4450 758 4497 him.
938 4449 1088 4498 consilium:’
1113 4451 1155 4498 the
1177 4448 1241 4510 body
1267 4447 1295 4495 of
1325 4441 1447 4507 ‘judices'
1474 4456 1525 4517 spu

359 4507 397 4561 17·
415 4509 454 4555 dir
473 4512 626 4573 crtmtar'tar]
647 4513 746 4561 Classen
764 4514 811 4563 and
824 4514 906 4563 Baiter
938 4510 1264 4563 honest—‘vicinitatem’
1298 4510 1405 4559 Glemo's
1442 4512 1525 4554 native

323 4566 451 4619 hovem:
487 4574 642 4623 ‘His’isthe
650 4578 748 4641 reading
759 4579 787 4627 ol
804 4578 905 4628 S.T.F.
937 4580 1006 4641 place
1014 4579 1133 4641 Arpinum
1144 4576 1366 4626 wasnottartrom
1377 4572 1506 4621 Aletrim
