3517 5325
722 489 825 555 OAP.
849 494 987 557 13-15.
1390 502 1453 564 215

248 655 304 741 qui
318 655 524 740 multitudiue
545 666 660 726 coacta
682 678 746 724 non
771 657 905 728 introitu
924 659 982 727 sed
1008 661 1135 730 omnino
1158 663 1250 732 aditu
1272 665 1451 755 quempiam

247 755 471 840 prohibuerit?
515 754 619 822 XIV.
643 759 727 840 Quid
749 763 846 845 ergo?
867 763 927 826 hoc
943 783 1039 847 quam
1064 762 1162 828 habet
1181 764 1253 844 vim,
1269 775 1307 832 ut
1331 767 1450 833 distare

247 853 367 938 aliquid
386 861 444 919 aut
463 877 505 919 ex
527 855 633 943 aliqua
655 867 748 944 parte
768 860 893 924 differre
918 861 1071 940 videatur,
1088 869 1204 940 utrum,
1220 861 1332 947 pedem
1352 885 1450 950 quum

247 952 387 1016 intulero
411 960 510 1040 atque
532 953 566 1018 in
594 957 793 1041 possessione
818 957 990 1044 vestigium
1014 960 1130 1038 secero,
1158 967 1227 1024 tum
1250 963 1390 1046 expellar
1410 985 1449 1028 ac

248 1051 389 1136 dejiciar,
404 1072 446 1114 au
461 1052 572 1116 eadem
586 1053 617 1117 vi
630 1063 728 1141 atque
742 1055 856 1121 iisdem
873 1057 971 1121 armis
996 1057 1074 1121 mihi
1099 1065 1175 1122 ante
1198 1067 1393 1136 occurratur,
1409 1083 1450 1125 ne

247 1167 316 1209 non·
325 1146 420 1210 modo
434 1145 562 1226 intrare,
584 1171 691 1213 verum
708 1151 852 1236 aspicere
866 1159 925 1216 aut
938 1151 1077 1237 aspirare
1092 1151 1233 1237 possim!
1279 1151 1362 1232 Quid
1388 1153 1449 1218 hoc

246 1245 289 1307 ab
311 1243 365 1308 illo
390 1244 506 1320 differt,
522 1245 634 1311 utillo
657 1256 794 1332 cogatur
812 1250 984 1314 restituere
999 1249 1052 1334 qui
1075 1250 1255 1336 ingressum
1278 1251 1446 1336 expulerit,

246 1341 299 1406 ille
322 1342 376 1427 qui
402 1343 634 1428 ingredientem
656 1345 830 1431 reppulerit
855 1369 920 1412 non
943 1349 1098 1432 cogatur!
1143 1345 1271 1426 Videte,
1295 1367 1352 1432 per
1374 1349 1450 1413 deos

246 1438 449 1518 immortales,
465 1441 551 1526 quod
563 1442 618 1526 jus
632 1443 733 1522 nobis,
750 1464 845 1529 quam
860 1443 1077 1510 conditionem
1092 1444 1336 1530 vobismetipsis,
1353 1469 1449 1531 quam

246 1537 382 1622 denique
396 1538 518 1603 civitati
532 1539 635 1625 legem
649 1543 845 1608 constituere
859 1543 974 1608 velitis.
1020 1541 1166 1627 Hujusce
1180 1543 1306 1628 generis
1320 1566 1384 1607 una
1398 1551 1449 1608 est

245 1636 332 1700 actio
353 1657 411 1720 per
434 1636 495 1701 hoc
518 1635 724 1704 interdictum
745 1659 809 1726 quo
832 1663 891 1705 nos
914 1640 962 1704 usi
983 1661 1092 1704 sumus
1115 1641 1302 1706 constituta.
1348 1641 1398 1706 Ea
1421 1640 1449 1706 si

245 1732 324 1796 nihil
338 1733 433 1812 valet,
449 1741 508 1800 aut
522 1735 550 1800 si
565 1737 607 1801 ad
622 1738 705 1802 hanc
727 1761 793 1802 rem
817 1761 882 1803 non
905 1738 1056 1824 pertinet,
1073 1736 1148 1824 quid
1164 1737 1378 1825 negligentius
1391 1747 1449 1804 aut

245 1831 323 1916 quid
336 1831 468 1896 stultius
482 1833 656 1918 majoribus
669 1837 788 1901 uostris
802 1837 865 1900 dici
880 1843 999 1922 potest,
1016 1835 1069 1922 qui
1083 1843 1141 1900 aut
1164 1843 1276 1902 tantae
1298 1836 1344 1900 rei
1358 1859 1449 1922 prae·

244 1929 441 1994 termiserint
452 1931 620 2010 actionem,
636 1941 694 2000 aut
715 1957 787 1998 eam
811 1933 1039 1999 constituerint
1054 1955 1134 2019 quae
1157 1955 1355 2020 nequaquam
1369 1931 1449 2000 satis

244 2029 350 2092 verbis
363 2050 509 2093 caussam
522 2038 557 2095 et
570 2032 728 2097 rationem
739 2033 822 2118 juris
835 2033 1101 2118 amplecteretur
1139 2029 1213 2097 Hoc
1228 2041 1279 2097 est
1294 2031 1448 2118 periculo·

244 2147 316 2191 sum
327 2127 455 2194 dissolvi
465 2128 525 2193 boc
535 2127 762 2196 interdictum:
779 2140 830 2197 est
840 2132 1016 2218 captiosum
1027 2131 1173 2195 omnibus
1187 2153 1253 2194 rem
1265 2132 1359 2196 ullam
1372 2153 1447 2196 con·

245 2223 337 2289 stitui
351 2226 506 2311 ejusmodi
521 2248 614 2314 quae,
624 2249 722 2315 quum
736 2230 835 2294 armis
848 2237 943 2316 gesta
956 2229 1009 2305 sit,
1022 2227 1157 2293 rescindi
1169 2225 1241 2312 jure
1257 2250 1319 2292 non
1334 2229 1446 2314 possit.

247 2321 477 2390 Verumtamen
492 2324 570 2390 illud
581 2335 633 2391 est
645 2325 874 2414 turpissimum,
885 2335 997 2392 tantae
1011 2325 1168 2391 stultitiae
1183 2327 1448 2411 prudentissimos

244 2420 388 2486 homines
411 2423 624 2504 condemnari,
640 2430 750 2490 utros
771 2424 923 2509 judicetis
948 2423 1045 2508 hujus
1068 2423 1114 2488 rei
1136 2429 1233 2508 atque
1257 2421 1393 2488 actionis
1414 2423 1447 2486 in
1476 2481 1480 2492 ,

243 2528 383 2586 mentem
397 2521 571 2605 majoribus
584 2523 703 2587 nocuis
717 2545 782 2586 nou
797 2522 930 2586 venisse.

288 2619 474 2700 Queramur,
505 2615 618 2704 inquit,
643 2620 739 2695 licet;
772 2626 883 2685 tamen
908 2618 969 2683 hoc
992 2613 1164 2681 interdicto
1191 2612 1352 2681 Aebutius
1382 2636 1446 2681 uon

242 2716 513 2796 tenetur-Quid
534 2716 743 2796 itat-Quod
764 2717 812 2781 vis
828 2716 985 2781 Caecinae
1007 2714 1097 2779 iacta
1121 2736 1186 2778 non
1211 2714 1392 2779 est-Dici
1414 2714 1447 2779 iu

242 2816 304 2878 hac
319 2835 432 2877 caussa
446 2821 563 2899 potest,
579 2814 631 2879 ubi
643 2838 733 2879 arma
747 2815 878 2892 luerint,
888 2800 942 2877 ubi
959 2819 1072 2877 coacta
1086 2812 1249 2877 hominum
1263 2812 1444 2889 multitudo,

241 2912 298 2976 ubi
312 2910 460 2977 instructi
475 2920 510 2977 et
525 2912 624 2977 certis
637 2913 715 2977 locis
729 2936 801 2979 cum
816 2914 900 2977 seno
915 2910 1058 2977 homines
1073 2910 1229 2988 collocati,
1250 2912 1305 2976 ubi
1329 2912 1443 2990 minae,

241 3010 382 3097 pericula
410 3017 609 3099 terroresque
637 3012 760 3089 mortis,
786 3012 830 3077 ibi
859 3012 923 3077 vim
949 3033 1012 3075 uon
1037 3010 1310 3087 luisset-Nemo,
1331 3011 1444 3096 inquit,

243 3109 367 3172 occisus
381 3116 432 3174 est
453 3132 556 3195 neque
578 3110 836 3190 saueius-Quid
861 3109 932 3175 aisl
954 3130 1050 3197 quum
1074 3110 1114 3173 de
1139 3107 1346 3194 possessionis
1372 3129 1445 3174 eon·

242 3207 397 3270 troversia
410 3215 445 3271 et
459 3208 499 3271 de
513 3208 710 3294 privatorum
724 3208 885 3272 hominum
900 3205 1104 3273 contentione
1119 3206 1201 3292 juris
1215 3206 1387 3293 loquamur,
1405 3215 1442 3271 tu

241 3305 304 3369 rim
332 3304 465 3391 negabis
492 3306 619 3384 tactam,
644 3306 673 3370 si
698 3308 815 3371 caedes
839 3313 874 3372 et
897 3306 1013 3371 occisio
1036 3306 1124 3370 lacta
1146 3306 1315 3370 nouerit!
1371 3305 1444 3391 Ego

242 3404 401 3466 exercitus
415 3404 571 3468 maximos
585 3426 680 3490 saepe
694 3406 805 3490 pulsos
826 3412 862 3469 et
885 3403 1014 3489 fugatos
1039 3424 1108 3467 esse
1134 3402 1206 3467 dico
1225 3410 1348 3466 terrore
1374 3400 1443 3487 ipso

241 3499 426 3586 impetuque
440 3502 579 3566 bostium
594 3502 662 3567 sine
677 3504 864 3588 cujusquam
878 3523 943 3566 non
966 3500 1061 3565 modo
1084 3506 1197 3579 morte,
1213 3522 1322 3565 verum
1344 3500 1442 3565 etiam

242 3596 380 3663 vulnere.

286 3694 369 3761 XV.
393 3696 532 3777 Etenim,
549 3705 798 3785 recuperatores,
815 3718 879 3761 non
894 3718 932 3761 ea
954 3694 1084 3761 solaris
1100 3702 1152 3760 est
1174 3716 1255 3781 quae
1269 3693 1310 3759 ad
1327 3715 1444 3780 corpus

240 3924 304 3975 leno
317 3924 393 3976 direct
407 3926 549 3977 antecedent
564 3934 590 3977 to
601 3924 682 3991 ‘qui;'
697 3926 744 3977 but
758 3923 826 3976 thero
859 3921 991 3987 majoribus
1008 3920 1096 3971 nostrii
1113 3936 1163 3970 non
1179 3918 1271 3969 vonisse
1281 3918 1296 3979 ;'
1316 3918 1378 3969 aiter
1394 3918 1446 3969 urr.

240 3993 311 4040 iano
330 3994 380 4041 real
399 3994 524 4056 difficulty,
535 3992 573 4041 ior
589 3994 609 4041 it
625 3994 700 4041 relsra
716 3999 741 4041 to
754 3993 826 4040 ¹lane
857 3990 906 4037 and
917 3990 946 4037 T.
981 3988 1025 4036 See
1037 3987 1091 4035 Vol.
1102 3988 1119 4033 i.
1132 3986 1214 4035 Diria.
1226 4001 1247 4033 c.
1263 3988 1299 4034 1³.

239 4056 375 4119 spndvoa!
696 4056 702 4063 '
895 4056 931 4102 lu.
948 4053 995 4114 oia]
1015 4050 1120 4100 Cicero’s
1130 4050 1225 4097 remark
1239 4050 1260 4097 ia
1277 4056 1339 4096 true.
1374 4047 1444 4095 ‘Vis'

274 4123 312 4170 lt,
329 4119 477 4185 captionem]
497 4121 552 4169 One
563 4134 633 4169 aenae
642 4120 671 4169 oi
685 4118 795 4181 ‘captio'
806 4118 827 4165 la
859 4118 880 4165 la
891 4118 968 4165 either
978 4118 1020 4164 the
1031 4114 1194 4177 employment
1204 4114 1232 4161 ol
1248 4113 1357 4161 absoluta
1372 4112 1445 4173 loroe,

239 4186 318 4243 fraud,
342 4186 396 4234 that
416 4186 448 4248 by
465 4186 543 4231 which
568 4200 616 4247 any
632 4200 678 4231 ona
700 4182 826 4244 ‘capitum'
860 4199 887 4229 aa
906 4182 975 4229 when
992 4196 1039 4228 one
1057 4196 1113 4227 man
1128 4178 1401 4240 overpowcrsanothen
1418 4191 1446 4223 or

241 4252 262 4297 ia
279 4252 376 4313 caught.
421 4249 612 4312 ‘Captiosns’ia
633 4250 687 4295 that
708 4248 786 4293 which
807 4247 828 4293 ia
860 4248 881 4294 it
891 4248 912 4293 is
923 4247 1009 4299 threat,
1027 4244 1058 4305 by
1070 4244 1146 4291 which
1163 4258 1178 4289 a
1191 4258 1247 4289 man
1263 4242 1341 4289 worlrs
1355 4256 1387 4288 on
1404 4241 1447 4287 the

240 4316 341 4377 adopted
352 4322 379 4363 to
387 4316 490 4371 deceive,
502 4320 528 4361 to
538 4314 595 4361 talc
606 4328 621 4359 a
637 4328 693 4359 man
703 4311 737 4367 in,
749 4327 776 4358 aa
792 4326 828 4357 rra
860 4312 909 4358 will
919 4310 966 4357 aud
978 4310 1050 4357 raisos
1060 4310 1085 4355 iu
1093 4308 1195 4355 another
1205 4308 1247 4354 the
1257 4306 1344 4367 feeling
1352 4306 1380 4352 ol
1388 4306 1446 4353 sear.

241 4394 292 4441 say.
326 4380 357 4426 ln
369 4381 416 4427 Pro
428 4381 499 4427 Roac.
510 4378 579 4425 Com.
591 4394 612 4426 c.
626 4378 656 4425 1⁰
668 4376 736 4425 tbero
746 4390 829 4423 oocura
863 4380 879 4403 ⁴¹
889 4376 941 4422 Tlre
952 4374 1089 4436 opposition
1101 4373 1207 4419 between
1219 4372 1261 4419 the
1275 4378 1322 4419 two
1337 4370 1405 4417 lrinds
1422 4370 1450 4416 ol

241 4444 393 4491 'sodetatcrn
404 4440 553 4507 captiosam!
648 4470 659 4487 .
862 4439 908 4487 Vis
919 4440 940 4485 ia
951 4438 1020 4486 made
1031 4453 1087 4499 very
1096 4438 1158 4485 clear
1168 4437 1193 4483 in
1205 4437 1246 4485 tha
1258 4452 1311 4483 case
1320 4435 1349 4483 ol
1362 4436 1411 4483 loss
1421 4434 1450 4482 ol

273 4522 315 4556 occ
322 4509 444 4569 judicetis
455 4508 514 4570 aa]
529 4507 602 4555 Klotz
613 4504 661 4555 and
670 4504 753 4555 Baiter
762 4502 831 4561 bave,
865 4504 1012 4559 Possession,
1032 4502 1108 4549 which
1131 4516 1175 4549 can
1198 4500 1228 4551 bo
1250 4500 1349 4549 affected
1370 4500 1448 4548 either

234 4572 332 4634 “bujaa
346 4574 380 4621 rat
396 4574 437 4635 Jua
455 4578 529 4637 atque
547 4574 665 4621 actionem
684 4572 710 4619 in
726 4574 832 4619 mantem
865 4568 970 4631 through
981 4568 1089 4621 absolute
1100 4566 1202 4619 lorceor
1214 4566 1351 4631 bythrestz
1368 4566 1394 4613 in
1405 4564 1448 4613 the
