3517 5325
297 483 362 546 rm
620 477 756 543 osnr.
785 475 877 542 rso
904 477 946 542 A.
970 476 1176 543 osseum
1195 431 1215 610 ι’

296 653 339 715 ab
369 647 470 715 Urbe.
528 647 625 712 Unde
655 647 772 732 dejecti
802 647 911 713 Gallil
942 669 962 712 a
992 647 1161 733 Capitolio.
1193 611 1314 712 lUnde
1344 647 1397 733 qui
1427 669 1502 713 cum

297 748 444 813 Graccho
467 747 618 812 luerunt?
651 769 692 811 ex
716 745 885 831 Capitolio.
943 745 1073 810 Videtis
1096 744 1203 830 igitur,
1230 745 1290 810 hoc
1316 767 1380 811 uno
1403 749 1501 812 verbo

297 867 391 910 unns
406 844 577 930 significari
599 865 652 908 res
675 845 765 920 duas,
782 851 817 908 et
838 865 879 906 ex
895 863 956 928 quo
971 849 1005 907 et
1019 863 1039 906 a
1053 864 1116 927 quo
1139 842 1220 906 loco.
1266 843 1371 923 Quum
1393 853 1502 908 autem

297 965 341 1006 so
364 943 490 1007 restitui
508 943 612 1028 jubet,
636 942 683 1006 ite
702 943 805 1026 jubet,
828 948 877 1017 ut,
893 940 920 1004 si
937 940 1019 1004 Galli
1034 962 1054 1004 a
1068 940 1242 1025 majoribus
1258 941 1376 1006 nostrin
1389 950 1500 1027 postu·

295 1039 409 1117 lareut,
433 1047 471 1105 ut
496 1063 534 1105 eo
559 1040 806 1104 restituerentur
824 1039 909 1102 unde
933 1037 1185 1123 dejectiessent,
1206 1047 1241 1102 et
1261 1037 1417 1124 eliquari
1439 1039 1500 1103 hoc

295 1137 421 1224 assequi
435 1145 575 1224 possent,
591 1159 664 1217 non,
681 1137 800 1222 opinor,
822 1157 877 1200 eos
899 1135 932 1200 in
954 1135 1223 1221 cuniculum-qus
1237 1136 1381 1222 aggressi
1396 1143 1499 1212 eraut,

295 1237 351 1301 sed
366 1237 399 1300 in
415 1235 607 1322 Capitolium
621 1235 748 1299 restitui
762 1241 936 1320 oporteret.
983 1233 1058 1297 Hoc
1073 1234 1157 1296 euim
1171 1233 1378 1318 intelligitur:
1404 1257 1500 1300 unns

297 1355 487 1410 ourrcrsrr,
503 1333 569 1398 sive
584 1355 625 1397 ex
639 1355 701 1420 quo
716 1333 787 1397 loco
801 1332 868 1396 sive
883 1354 903 1395 a
918 1353 980 1417 quo
996 1332 1076 1396 loco.
1114 1353 1158 1395 so
1183 1352 1382 1396 nssrrruss.
1425 1333 1501 1398 Hoc

293 1435 360 1519 jem
375 1432 509 1518 simplex
522 1439 583 1509 est,
598 1433 632 1495 in
647 1453 720 1496 eum
734 1432 840 1496 locum
855 1431 1025 1506 restiturum
1051 1430 1169 1494 siveex
1183 1430 1327 1495 hocloco
1342 1431 1498 1516 dejecisti,

295 1532 429 1596 restitue
443 1531 476 1594 in
489 1532 573 1594 hunc
587 1529 701 1609 locum,
714 1529 780 1594 sive
794 1530 836 1592 ab
850 1529 911 1592 hoc
926 1528 1004 1608 loco,
1021 1527 1157 1593 restitue
1172 1528 1204 1591 in
1220 1549 1292 1592 eum
1306 1527 1418 1606 locum,
1435 1549 1499 1592 non

296 1649 337 1693 ex
351 1651 414 1714 quo
428 1629 485 1692 sed
499 1651 520 1692 a
534 1650 597 1714 quo
612 1629 757 1712 dejectus
771 1635 832 1692 est.
872 1626 923 1692 Ut
937 1627 965 1691 si
980 1625 1033 1713 qui
1048 1648 1089 1690 ex
1104 1625 1179 1703 elto,
1195 1647 1291 1712 quum
1307 1626 1347 1690 ad
1362 1626 1500 1711 patriam

296 1725 494 1803 accessisset,
510 1732 704 1811 tempestate
727 1725 836 1789 subito
860 1725 1001 1810 rejectus
1025 1731 1160 1810 optaret,
1182 1732 1228 1804 ut,
1252 1745 1348 1809 quum
1371 1731 1458 1788 esset
1479 1747 1500 1790 ιι

296 1824 402 1908 patria
425 1823 577 1908 dejectus,
598 1845 637 1887 eo
660 1823 895 1901 restitueretur,
922 1825 993 1900 hoc,
1015 1823 1136 1910 opinor,
1164 1821 1299 1908 optaret,
1325 1830 1500 1909 utaque

296 1921 366 1985 loco
381 1921 530 2006 depulsus
544 1928 640 1998 esset,
656 1921 689 1984 in
703 1941 776 1984 eum
790 1942 826 1984 se
838 1921 967 1986 fortuna
983 1921 1177 2000 restitueret,
1194 1941 1257 1984 non
1271 1921 1304 1983 in
1317 1920 1429 1997 salum,
1442 1919 1500 1984 sed

296 2017 329 2082 in
344 2019 447 2105 ipsam
461 2020 573 2083 urbem
584 2041 680 2105 quam
694 2019 846 2104 petebat;
871 2019 928 2100 sic,
942 2019 1091 2106 quonism
1102 2020 1270 2084 verborum
1281 2017 1343 2082 vim
1354 2039 1499 2083 necessa·

296 2117 343 2180 rio
369 2116 573 2181 similitudine
597 2137 704 2180 rerum
729 2137 931 2202 aucupamur,
957 2117 1012 2202 qui
1040 2117 1193 2203 postulat,
1218 2123 1265 2192 ut,
1291 2137 1312 2180 a
1340 2137 1404 2202 quo
1429 2117 1499 2182 loco

297 2215 442 2300 dejectus
456 2223 514 2292 est,
532 2216 593 2280 hoc
608 2221 667 2292 est,
684 2214 768 2278 undo
782 2215 927 2299 dejectus
942 2223 1002 2292 est,
1017 2237 1055 2280 eo
1070 2215 1268 2294 restituatur,
1281 2214 1343 2279 hoc
1357 2215 1500 2300 postulat

296 2313 381 2378 utin
396 2335 468 2377 eum
483 2315 587 2400 ipsum
601 2313 705 2377 locum
727 2312 928 2378 restituatur.
974 2313 1120 2378 XXXI.
1145 2315 1250 2395 Quum
1264 2313 1360 2377 verba
1381 2333 1439 2378 nos
1460 2335 1499 2377 eo

296 2412 428 2489 ducunt,
444 2420 514 2476 tum
529 2433 580 2476 res
594 2412 663 2498 ipsa
681 2411 742 2475 hoc
764 2411 884 2475 sentire
902 2420 1000 2498 etque
1023 2411 1199 2498 intelligere
1215 2412 1317 2496 cogit:
1358 2411 1497 2492 Etenim,

298 2509 384 2585 Piso,
400 2511 495 2575 redeo
520 2531 604 2574 nune
627 2510 669 2573 ad
693 2508 747 2572 illa
769 2509 925 2594 principia
948 2509 1138 2574 defensionis
1160 2531 1258 2589 meae,
1274 2510 1302 2574 si
1325 2509 1444 2596 quiete
1459 2533 1499 2575 ex

296 2608 429 2673 aedibus
451 2608 561 2674 tuisri
584 2607 764 2673 hominibus
787 2608 921 2672 armatis
944 2608 1105 2693 dejecerit,
1127 2607 1202 2694 quid
1224 2609 1323 2694 ages?
1367 2607 1498 2693 Opinor,

297 2707 358 2771 hoc
372 2707 545 2772 interdicto
560 2728 622 2793 quo
637 2728 697 2771 nos
709 2706 759 2770 usi
774 2728 884 2770 sumus
898 2728 1099 2792 persequere.
1145 2708 1238 2789 Quid,
1254 2707 1281 2772 si
1303 2706 1357 2793 qui
1376 2708 1444 2793 jam
1458 2708 1499 2771 de

295 2805 365 2869 foro
380 2805 564 2870 redeuutem
585 2805 719 2869 armatis
741 2804 922 2869 bominibus
943 2806 1073 2869 domum
1094 2812 1184 2869 tuam
1198 2813 1232 2871 te
1246 2805 1378 2870 introire
1393 2806 1499 2891 prohi-

296 2904 411 2979 buerit,
429 2904 502 2988 quid
518 2905 616 2989 ages?
661 2903 766 2968 Utere
781 2904 894 2967 eodem
912 2902 1093 2969 interdicto.
1141 2903 1245 2983 Quum
1259 2904 1356 2988 igitur
1371 2911 1500 2989 praetor

295 3001 507 3079 interdixerit,
524 3002 608 3066 unde
631 3001 775 3085 dejectus
798 3024 842 3078 es,
859 3007 896 3064 ut
920 3023 957 3065 eo
981 3002 1173 3080 restituaris,
1190 3006 1223 3066 tu
1241 3002 1301 3066 hoc
1317 3002 1398 3065 idem
1414 3001 1500 3087 quod

296 3124 356 3187 ego
380 3102 450 3166 dico
473 3108 507 3165 et
529 3100 613 3186 quod
636 3100 836 3185 perspicuum
858 3107 909 3164 est
931 3100 1203 3186 interpretabere:
1229 3122 1327 3187 quum
1340 3101 1416 3164 illud
1432 3122 1499 3165 ver-

296 3198 382 3277 bum,
401 3220 506 3279 unns,
523 3199 555 3262 in
579 3204 750 3284 utramque
773 3220 841 3262 rem
858 3199 972 3277 valeat,
990 3222 1094 3284 reoque
1112 3207 1147 3263 tu
1164 3198 1291 3265 restitui
1313 3198 1359 3264 sis
1378 3200 1498 3284 jussus,

296 3304 363 3359 tam
377 3306 410 3359 te
424 3295 457 3357 in
472 3296 566 3359 aedes
580 3296 708 3359 restitui
723 3304 880 3381 oportere,
897 3296 924 3360 si
939 3297 1125 3361 evestibulo
1140 3320 1235 3383 quam
1250 3298 1277 3363 si
1292 3319 1332 3362 ex
1348 3295 1499 3362 interiore

296 3391 424 3456 aedium
440 3400 531 3476 parte
547 3393 692 3477 dejectus
706 3393 762 3458 sis.

341 3486 391 3553 Ut
413 3510 488 3552 vero
508 3490 586 3573 jam,
608 3499 857 3576 recuperatores,
883 3492 968 3555 nulls
992 3492 1149 3557 dubitatio
1163 3492 1226 3572 sit,
1252 3492 1316 3557 sive
1341 3512 1409 3557 rem
1433 3492 1499 3557 sive

296 3586 392 3648 verba
406 3594 552 3671 spectare
567 3586 671 3665 vultis,
685 3588 760 3672 quin
774 3590 948 3653 secuudum
964 3612 1022 3654 nos
1034 3590 1193 3675 judicetis,
1207 3592 1349 3655 exoritur
1365 3590 1415 3655 hic
1431 3591 1499 3676 jam

296 3683 419 3747 obrutis
437 3685 532 3747 rebus
554 3684 701 3749 omnibus
725 3694 759 3749 et
781 3686 918 3773 perditis
942 3687 994 3751 ills
1018 3688 1168 3767 defensio,
1194 3710 1267 3753 eum
1289 3688 1381 3774 dejici
1406 3708 1499 3775 posse

296 3783 351 3869 qui
365 3790 436 3847 tum
450 3782 633 3868 possideat,
658 3782 712 3869 qui
728 3784 971 3870 nonpossidest
991 3786 1076 3849 nullo
1094 3787 1188 3851 modo
1208 3810 1320 3873 posse:
1349 3786 1456 3873 itaque
1470 3784 1498 3849 si

296 3931 327 3980 G.
337 3931 369 3979 iii.
383 3934 423 3990 213
442 3932 482 3979 vii.
494 3932 547 3992 22).
573 3931 882 3981 Klotrobserrcethatthie
914 3948 1011 3982 meeum
1031 3934 1083 3983 ‘sor
1104 3934 1154 3983 thir
1181 3935 1202 3984 ir
1227 3934 1382 3994 understood,
1406 3937 1456 3985 thir
1478 3936 1499 3985 ir

295 3997 398 4045 allusmn
409 3998 437 4045 ot
450 3996 534 4045 Cicero
546 3997 603 4044 does
614 4002 658 4044 not
667 3999 812 4059 correspond
823 3999 881 4045 rritlr
914 3998 992 4047 clear!
1011 4004 1017 4027 ¹
1027 4000 1100 4049 Unde
1110 4000 1230 4061 dejecisti’
1240 4016 1330 4058 mesas,
1341 4002 1404 4049 ‘sire
1414 4016 1499 4063 exque

297 4190 358 4239 bare
368 4190 430 4238 been
440 4196 489 4237 two
500 4192 593 4237 εισι-ιω.
610 4160 617 4183 i
865 4143 881 4189 l
914 4192 964 4239 him
983 4200 1008 4240 to
1020 4144 1061 4241 ile
1073 4144 1161 4255 blidel
1173 4146 1226 4242 didi
1236 4146 1392 4243 'lliiltbilliar
1407 4138 1499 4243 sstpnre

296 4257 372 4367 chqui
389 4270 445 4366 eger:
460 4254 748 4367 1ξῗιιῒιεοξζιὴι]ΤΗειΰιιιειιίὶιι
761 4254 791 4303 Τ.
807 4256 882 4369 Gripp-
915 4257 1028 4370 derrtotppl¹
1037 4260 1064 4317 it,
1070 4259 1176 4371 pudltlre
1188 4260 1363 4371 opbereditors,
1376 4261 1500 4337 1ΚΙοιιιιοι

297 4334 402 4445 Apidim,
425 4384 454 4430 B.
472 4334 505 4431 (li
521 4383 537 4430 i.
557 4352 595 4432 ld.
622 4334 734 4432 ‘Allntliir
744 4336 882 4447 ιιιίἕέιτιιιιειιι
913 4336 987 4435 {lidi
1002 4329 1237 4449 erpffininflimdi
1251 4330 1500 4451 ldbibblit‘i'lbillosivge

296 4447 372 4494 about
385 4446 428 4493 tbe
443 4447 505 4495 Gelli
520 4448 567 4494 end
578 4449 620 4496 the
630 4448 732 4497 Gracchi
745 4450 767 4497 ir
782 4450 880 4511 meing.
906 4448 943 4499 'ex
955 4452 1020 4513 quo,'
1030 4455 1083 4509 tre..
1095 4452 1295 4515 cioeoexpurnr
1308 4455 1359 4503 ‘Eo
1369 4454 1498 4503 rertituas’

330 4513 387 4558 Hor
404 4513 468 4559 enim
484 4514 739 4573 intelliqr'terr-Hoc
749 4516 805 4574 jam
821 4517 879 4562 rim·
913 4514 945 4577 by
958 4517 997 4565 ‘in
1008 4530 1064 4565 enm
1074 4518 1154 4565 locum
1164 4517 1293 4567 restitues-¹

293 4577 355 4637 pler
364 4576 423 4638 ert]
444 4577 526 4627 Keller
536 4577 580 4625 has
587 4579 686 4640 pointed
696 4579 745 4627 tue
754 4579 826 4641 right.
856 4580 881 4628 lt
