3517 5325
332 498 396 564 422
593 495 728 562 ORAT.
752 497 799 564 II.
823 497 887 562 DE
911 497 1036 562 LEGE
1060 498 1276 564 AGRARIA

333 670 365 734 in
389 675 478 733 metu
502 667 662 747 fuerimus,
684 691 725 733 ex
740 677 846 734 vestra
869 669 1090 747 sollicitudine,
1116 670 1149 734 in
1172 691 1236 756 qua
1258 669 1319 734 illis
1339 670 1545 755 temporibus

332 767 449 845 inistis,
472 763 562 831 iacile
584 767 712 852 assequi
734 769 919 852 conjectura
938 768 1098 852 poteritis.
1145 767 1262 831 Ineunt
1275 768 1407 831 tandem
1423 769 1543 850 magis·

276 930 278 936 ,
333 873 438 930 tratus
460 865 716 951 tribuniplebis:
741 859 848 930 contio
871 867 1002 930 tandem
1024 872 1215 951 exspectata
1237 865 1276 930 P.
1293 864 1390 940 curli,
1405 865 1492 950 quod
1507 873 1542 929 et

332 965 478 1050 princeps
493 971 563 1028 erat
579 963 722 1048 agrariae
736 963 824 1050 legis,
842 969 877 1028 et
891 964 1104 1028 truculentius
1120 985 1156 1026 se
1169 964 1303 1049 gerebat
1316 985 1412 1048 quam
1428 963 1539 1028 ceteri.

333 1061 357 1126 J
359 1083 410 1126 am
426 1061 612 1147 designatus
626 1061 688 1125 alio
704 1061 803 1140 vultu,
820 1061 882 1126 alio
897 1062 986 1126 vocis
999 1083 1088 1139 sono,
1101 1061 1164 1125 alio
1179 1061 1301 1126 incessu
1317 1081 1391 1124 esse
1404 1059 1539 1124 medita-

333 1161 437 1237 batur,
463 1159 582 1224 vestitu
609 1158 808 1236 obsoletiore,
836 1177 971 1245 corpore
993 1157 1114 1223 inculto
1140 1166 1174 1223 et
1197 1159 1334 1236 horrido,
1359 1157 1541 1242 capillatior

334 1279 427 1344 quam
443 1263 528 1335 ante,
553 1255 712 1342 barbaque
734 1258 873 1342 majore3
899 1267 936 1322 ut
951 1257 1052 1321 oculis
1066 1265 1101 1321 et
1115 1264 1247 1342 aspectu
1262 1255 1451 1319 denuntiare
1471 1277 1539 1319 om-

333 1356 427 1420 nibus
441 1355 504 1419 rim
522 1354 724 1420 tribuniciam
746 1363 780 1419 et
802 1353 942 1419 minitari
965 1355 1011 1419 rei
1035 1354 1181 1440 publicae
1200 1354 1370 1418 videretur.
1415 1353 1539 1439 Legem

333 1451 469 1517 hominis
484 1449 727 1537 contionemque
742 1454 980 1539 exspectabam.
1027 1453 1096 1516 Lex
1115 1453 1207 1517 initio
1227 1452 1313 1516 nulla
1329 1453 1537 1537 proponitur:

334 1552 516 1616 contionem
542 1549 574 1614 in
599 1551 708 1636 primis
731 1552 880 1616 advocari
903 1553 1014 1637 jubet:
1050 1571 1174 1615 summa
1197 1573 1270 1615 cum
1295 1550 1539 1636 exspectatione

335 1650 542 1714 concurritur.
591 1649 744 1735 Explicat
772 1650 950 1714 orationem
978 1671 1055 1714 sane
1083 1650 1227 1734 longam,
1250 1657 1285 1714 et
1312 1649 1419 1713 verbis
1446 1648 1539 1712 valde

334 1747 435 1812 bonis.
482 1745 591 1810 Unum
615 1754 687 1812 erat
708 1749 793 1833 quod
817 1747 894 1812 milri
909 1748 1058 1813 vitiosum
1074 1748 1249 1826 videbatur,
1274 1749 1360 1833 quod
1381 1754 1475 1812 tanta
1495 1768 1538 1809 ex

334 1844 513 1930 frequentia
536 1844 667 1908 inveniri
690 1865 784 1910 nemo
803 1847 911 1932 potuit
925 1846 979 1931 qui
999 1846 1176 1932 intelligere
1189 1853 1300 1931 posset
1314 1845 1390 1931 quid
1404 1839 1537 1909 diceret

336 1941 410 2005 Hoc
427 1943 477 2005 ille
491 1949 598 2006 utrum
614 1941 799 2006 insidiarum
820 1965 933 2009 caussa
950 1944 1064 2009 fecerit
1078 1965 1119 2008 an
1134 1945 1195 2008 hoc
1208 1965 1325 2030 genere
1338 1942 1540 2028 eloquent-iae

335 2039 510 2104 delectetur
534 2040 651 2106 nescio.
698 2041 818 2105 Tamen
842 2043 869 2106 si
891 2042 945 2128 qni
967 2042 1128 2107 acutiores
1147 2042 1179 2105 in
1197 2042 1347 2106 contione
1366 2047 1536 2119 steterant,

335 2139 374 2202 de
404 2138 474 2224 lege
503 2139 630 2224 agraria
658 2140 764 2204 nescio
794 2141 869 2226 quid
898 2141 1034 2206 voluisse
1054 2161 1127 2204 eum
1153 2140 1259 2205 dicere
1280 2141 1536 2226 suspicabantur.

335 2237 517 2323 Aliquando
532 2239 661 2301 tandem
676 2259 727 2302 ms
743 2239 911 2325 designato
925 2239 977 2302 lex
991 2239 1023 2302 in
1037 2239 1198 2324 publicum
1213 2239 1408 2324 proponitur.
1453 2237 1538 2302 Con-

335 2343 467 2401 currunt
485 2337 577 2420 jussu
600 2357 672 2400 meo
694 2337 801 2422 plures
820 2357 884 2401 nno
899 2345 1044 2423 tempore
1058 2337 1194 2401 librarii:
1220 2337 1412 2422 descriptam
1427 2337 1470 2400 ad
1484 2359 1537 2402 me

334 2434 438 2520 legem
452 2435 599 2500 afferunt.
648 2434 711 2498 Vl.
736 2433 831 2499 Omni
855 2436 918 2500 hoc
937 2437 1060 2501 ratione
1082 2435 1172 2500 vobis
1193 2437 1381 2500 confirmare
1395 2457 1536 2522 possum,

336 2532 483 2613 Quirites,
516 2534 576 2598 hoc
605 2533 710 2598 animo
739 2557 791 2598 me
818 2535 860 2598 ad
890 2535 1056 2620 legendam
1085 2535 1187 2620 legem
1220 2535 1538 2620 cognoscendamque

333 2631 457 2697 venisse
479 2638 523 2711 ut,
548 2631 574 2696 si
596 2651 667 2697 eam
681 2633 771 2699 vobis
792 2631 1065 2698 accommodatam
1086 2641 1184 2718 atque
1205 2633 1316 2697 utilem
1336 2655 1407 2698 esse
1422 2632 1537 2699 intelli-

334 2752 449 2815 gerem,
466 2740 580 2796 auctor
599 2732 668 2817 ejus
690 2740 787 2817 atque
809 2729 939 2818 adjutor
959 2752 1072 2796 essem.
1118 2730 1190 2795 Non
1205 2732 1289 2796 enim
1303 2742 1419 2798 natura
1433 2754 1537 2818 neque

335 2829 466 2894 discidio
492 2850 593 2915 neque
618 2830 690 2894 odio
715 2830 842 2916 penitus
861 2830 958 2895 insito
982 2830 1098 2893 bellum
1120 2831 1325 2917 nescioquod
1348 2832 1446 2896 habet
1465 2852 1537 2895 sus·

335 2937 462 3012 ceptum
485 2928 669 2993 consulatus
691 2950 762 2992 cum
785 2929 959 3004 tribunatu,
981 2928 1055 3014 quia
1076 2948 1228 3015 persaepe
1251 2930 1414 2996 seditiosis
1436 2938 1537 3016 atque

333 3024 486 3111 improbis
501 3026 637 3090 tribunis
652 3025 753 3111 plebis
774 3026 849 3089 boni
865 3035 900 3090 et
913 3026 1014 3089 lortes
1028 3027 1174 3091 consules
1189 3028 1395 3107 obstiterunt,
1412 3036 1446 3094 et
1461 3030 1537 3114 quia

333 3122 381 3187 vis
402 3122 571 3187 tribunicia
593 3144 827 3207 nonnumquam
849 3121 971 3187 libidini
991 3123 1113 3189 restitit
1128 3124 1294 3191 consulari.
1339 3124 1413 3189 Non
1427 3134 1541 3214 potes·

333 3228 438 3286 tatum
462 3220 694 3297 dissimilitudo,
722 3220 780 3283 sed
801 3220 979 3284 animorum
1000 3222 1172 3306 disjunctio
1195 3222 1424 3288 dissensionem
1446 3225 1537 3290 iacit.

336 3312 452 3401 Itaque
472 3314 532 3379 lroc
555 3316 660 3380 animo
683 3314 785 3401 legem
805 3317 926 3403 sumpsi
948 3318 980 3381 in
1003 3338 1118 3385 manus
1144 3326 1181 3385 ut
1203 3340 1273 3384 eam
1296 3342 1445 3407 cuperem
1464 3344 1537 3387 esse

333 3420 442 3497 aptam
457 3414 572 3477 vestris
586 3415 770 3492 commodis,
794 3422 828 3479 et
847 3416 1002 3499 ejusmodi
1016 3439 1111 3503 quam
1130 3418 1240 3481 consul
1255 3440 1290 3483 re
1305 3442 1368 3483 non
1391 3420 1537 3484 oratione

333 3510 495 3597 popularis
518 3518 552 3576 et
577 3512 712 3577 honeste
734 3518 768 3578 et
790 3512 926 3577 libenter
948 3524 1058 3600 posset
1080 3516 1258 3581 defendere.
1304 3516 1407 3602 Atqui
1430 3540 1491 3604 ego
1513 3539 1537 3582 a

334 3608 434 3697 primo
463 3609 569 3695 capite
598 3609 677 3697 legis
706 3633 806 3697 usque
834 3612 876 3675 ad
905 3620 1081 3677 extremum
1110 3614 1243 3698 reperio,
1276 3614 1427 3695 Quirites,
1457 3615 1537 3679 nihil

333 3708 418 3775 aliud
446 3708 633 3795 cogitatum,
665 3708 741 3773 nihil
770 3708 855 3775 aliud
884 3718 1077 3796 susceptum,
1107 3710 1184 3775 nihil
1212 3712 1297 3776 aliud
1325 3720 1442 3791 actum,
1473 3712 1536 3778 nisi

333 3808 380 3873 uti
407 3808 516 3872 decem
544 3830 637 3895 reges
666 3809 788 3886 aerarii,
818 3809 1029 3895 vectigalium,
1056 3809 1285 3894 provinciarum
1308 3812 1459 3887 omnium,
1484 3821 1536 3876 to·

333 3906 398 3972 tius
421 3907 467 3971 rei
492 3904 647 3992 publicae,
671 3929 849 3993 regnorum,
872 3908 1042 3971 liberorum
1064 3908 1260 3993 populorum,
1286 3910 1373 3975 orbis
1402 3910 1536 3996 denique

333 4013 489 4070 terrarum
512 4006 629 4069 domini
653 4006 926 4070 constituerentur
948 4004 1028 4090 legis
1045 4007 1191 4091 agrariae
1213 4008 1415 4073 simulatione
1437 4018 1536 4095 atque

333 4102 469 4168 nomine.
515 4102 568 4168 Sic
592 4104 753 4181 confirmo,
779 4103 930 4187 Quirites,
955 4101 1016 4169 hac
1038 4104 1108 4190 lege
1133 4106 1258 4191 agraria
1283 4107 1416 4193 pulchra
1437 4120 1535 4193 atque

368 4338 493 4387 rameses
509 4338 562 4400 qui]
582 4336 611 4385 ll.
628 4338 655 4386 Γ.
668 4338 698 4387 A.
733 4338 871 4397 ‘Tametsi,'
888 4340 915 4389 P.
948 4339 991 4389 the
1002 4341 1149 4405 publication
1158 4341 1186 4389 ol
1191 4342 1427 4404 thepropossdlsex.
1450 4340 1535 4389 cicun

332 4402 434 4449 without
451 4401 523 4464 ‘qut’
558 4402 681 4450 ‘Tametsi
697 4404 756 4466 qni.'
775 4405 915 4463 Lambinus,
950 4406 1000 4469 (Dc
1022 4407 1135 4468 legibus,
1157 4408 1191 4454 ιιι.
1209 4408 1236 4471 t)
1259 4422 1328 4469 nysa
1356 4406 1535 4468 “promulgar-

333 4466 421 4515 Bciter.
456 4466 587 4514 Lambinus
601 4466 770 4529 preferrsdhis
783 4484 836 4516 own
847 4470 916 4517 read-
949 4472 1072 4534 proposita
1081 4472 1107 4517 in
1118 4472 1210 4520 aerario
1220 4473 1316 4533 cognita
1329 4470 1446 4531 agunto?
1480 4472 1535 4519 'liro

331 4530 374 4590 ing
391 4536 416 4577 tc
433 4530 476 4577 the
493 4536 545 4579 text
561 4532 590 4579 ol
609 4532 774 4581 Cicero-‘in
792 4534 915 4595 publicum
948 4536 999 4584 laer
1011 4552 1059 4584 rm
1069 4536 1153 4599 placed
1168 4552 1203 4599 up
1218 4543 1246 4585 to
1261 4536 1293 4583 bc
1307 4537 1373 4593 read,
1383 4535 1432 4583 and
1448 4535 1535 4584 orm

332 4594 500 4657 proponiturr'
527 4594 576 4643 thir
598 4597 702 4645 mtbc
720 4598 915 4661 ‘promulgata'
946 4601 1401 4664 badacopyoiittakenicrbirun.
