3517 5325
700 492 802 559 OAP.
826 494 965 557 16-18.
1358 500 1421 565 435

212 666 378 751 Torquato
394 664 577 729 consulibus
596 670 814 739 cucurrerunt,
831 686 888 728 our
902 685 966 727 non
978 668 1091 748 aperto
1106 670 1143 728 ut
1157 672 1262 745 antea,
1282 688 1339 733 our
1358 690 1422 733 non

212 764 301 838 item,
328 770 365 827 ut
394 785 491 847 quum
520 762 644 826 directo
673 776 708 827 et
736 762 840 846 palam
863 760 1025 847 regionem
1054 761 1139 825 illam
1169 764 1351 848 petierunt?
1381 789 1423 833 an

213 861 331 946 quietis
352 861 392 923 iis
411 860 465 945 qui
484 881 542 944 per
564 880 692 923 cursum
714 869 840 926 rectum
861 882 994 945 regnum
1016 867 1127 927 tenere
1149 882 1211 927 non
1234 869 1417 950 potuerunt,

213 980 299 1023 nunc
313 957 429 1022 taetris
447 956 588 1021 tenebris
607 964 642 1021 et
656 956 791 1042 caligine
807 979 843 1021 se
859 956 1088 1024 Alexandriam
1109 968 1319 1041 perventuros
1339 961 1422 1027 arbi·

214 1056 293 1120 irati
305 1057 407 1120 sunt!
452 1054 562 1137 Atque
582 1054 659 1119 illud
676 1053 910 1139 circumspicite
934 1053 1050 1119 vestris
1068 1054 1228 1120 mentibus
1246 1078 1318 1133 una,
1342 1056 1419 1136 Qui-

213 1152 303 1217 rites.
336 1152 476 1235 Legatos
486 1158 623 1225 nostros,
638 1150 784 1217 homines
797 1150 992 1217 auctoritate
1010 1150 1108 1229 tenui,
1125 1152 1179 1236 qui
1194 1175 1299 1219 rerum
1314 1154 1416 1239 priva-

213 1256 320 1313 tamm
344 1269 458 1313 caussa
479 1247 657 1333 legationes
684 1246 801 1311 liberas
825 1248 954 1323 obeunt,
982 1256 1089 1317 tamen
1114 1256 1244 1315 exterae
1274 1250 1420 1317 nationes

214 1346 297 1411 terre
311 1346 365 1411 vix
379 1353 525 1431 possunt.
569 1345 674 1411 Grave
688 1352 739 1409 est
759 1344 844 1411 euim
864 1367 980 1415 nomeu
1001 1344 1133 1429 imperii,
1150 1354 1247 1430 atque
1269 1346 1302 1411 id
1318 1348 1415 1415 etiam

214 1443 248 1508 in
276 1443 339 1509 levi
364 1464 498 1527 persona
529 1442 774 1527 pertimescitur,
805 1449 974 1527 propterea
1003 1443 1087 1527 quod
1117 1450 1233 1521 vestro,
1264 1467 1328 1510 non
1358 1468 1416 1509 suo

214 1541 351 1618 nomine,
363 1563 459 1625 quum
474 1540 547 1606 hinc
567 1540 687 1623 egressi
703 1546 789 1612 eunt,
810 1540 996 1624 abutuntur.
1041 1540 1124 1620 Quid
1147 1541 1294 1615 censetis,
1318 1564 1415 1627 quum

214 1637 270 1702 isti
286 1637 454 1703 decemviri
467 1659 540 1701 cum
554 1637 696 1721 imperio,
712 1658 785 1703 cum
798 1636 945 1715 iascibm,
963 1658 1035 1701 cum
1050 1637 1103 1701 illa
1118 1638 1242 1705 delecta
1256 1638 1419 1709 linitomm

210 1736 382 1819 juventute
394 1757 450 1820 per
459 1742 562 1801 totum
574 1736 684 1802 orbem
695 1742 852 1799 terrarum
862 1736 1072 1819 vagabuntur,
1090 1757 1151 1820 quo
1163 1736 1291 1802 tandem
1303 1736 1417 1815 animo,

216 1854 280 1916 quo
301 1844 397 1908 metu,
417 1855 478 1917 quo
492 1832 631 1916 periculo
646 1832 777 1897 miseras
792 1832 938 1899 nationes
953 1832 1096 1897 suturasl
1141 1832 1204 1897 Est
1226 1833 1258 1897 in
1280 1833 1413 1917 imperio

214 1934 339 2001 temon
363 1930 536 2014 patientur.
581 1929 643 1992 Est
654 1930 686 1993 in
701 1930 1014 2015 adveutusumptus;
1040 1930 1153 1995 terent.
1199 1930 1416 2015 Imperabitur

214 2026 333 2109 aliquid
357 2027 515 2101 muneris;
547 2048 612 2091 non
628 2028 832 2093 recusabunt.
879 2026 962 2091 Illud
986 2049 1059 2093 vero
1083 2034 1237 2111 quantum
1259 2034 1319 2101 est,
1343 2027 1418 2107 Qui·

214 2123 303 2199 rites,
321 2146 418 2209 quum
439 2125 466 2189 is
489 2126 645 2190 decemvir
664 2125 718 2209 qui
738 2125 875 2209 aliquam
898 2124 931 2190 in
949 2125 1058 2191 urbem
1077 2134 1135 2191 aut
1149 2132 1358 2209 exspectatus
1381 2131 1419 2191 ut

215 2221 339 2304 hospes,
364 2229 421 2285 aut
442 2230 574 2307 repente
597 2229 633 2285 nt
652 2222 806 2299 dominus,
828 2222 960 2297 venerit,
983 2221 1070 2291 illum
1090 2221 1193 2307 ipsum
1217 2221 1331 2297 locum,
1353 2242 1415 2306 quo

214 2318 345 2395 venerit,
362 2318 448 2382 illam
461 2318 562 2402 ipsam
575 2318 682 2381 sedem
698 2317 897 2408 hospitalem,
915 2318 947 2383 iu
963 2339 1058 2403 quam
1073 2318 1135 2383 erit
1154 2317 1320 2392 deductus,
1337 2317 1418 2400 pub-

213 2414 308 2479 licam
336 2416 443 2499 populi
473 2415 608 2479 Romani
636 2436 708 2479 esse
733 2414 839 2479 diceri
894 2414 1021 2492 Quanta
1050 2414 1214 2479 calamitas
1243 2412 1360 2497 populi,
1391 2412 1419 2477 si

214 2512 353 2585 dixerit;
378 2521 517 2597 quantus
531 2513 591 2595 ipsi
606 2520 767 2596 quaestus,
784 2512 812 2573 si
825 2511 974 2595 negarit?
1018 2512 1128 2595 Atque
1144 2511 1247 2587 iidem,
1264 2510 1317 2594 qui
1334 2511 1424 2576 haee.

213 2616 380 2694 appetunt,
396 2608 485 2693 queri
496 2628 729 2693 nonnumquam
738 2607 962 2674 solentomnes
970 2614 1073 2674 terras
1083 2606 1140 2670 On.
1156 2606 1308 2691 Pompeio
1319 2617 1416 2691 atque

214 2706 319 2770 omnia
329 2706 430 2768 maria
440 2727 509 2770 eese
521 2705 683 2790 permissa.
708 2705 901 2770 Similevero
915 2711 966 2768 est
975 2705 1076 2768 multa
1087 2703 1243 2770 committi
1253 2711 1288 2769 et
1297 2705 1412 2772 condo·

212 2803 283 2868 nari
292 2803 412 2877 omnia;
430 2803 530 2868 labori
539 2802 711 2888 etuegotio
720 2803 917 2887 praeponian
929 2801 1064 2886 praedae
1073 2809 1107 2866 et
1116 2800 1263 2884 quaestui
1274 2799 1360 2867 mitti
1370 2801 1411 2864 ed

214 2899 319 2963 socios
332 2900 513 2965 liberandos
526 2922 567 2963 an
581 2901 623 2964 ad
636 2901 879 2984 opprimendos?
924 2898 1068 2982 Denique
1083 2897 1110 2962 si
1120 2897 1174 2982 qui
1183 2906 1234 2964 est
1244 2899 1344 2965 honos
1353 2897 1415 2960 ein·

213 2997 341 3081 gularis,
347 2996 463 3060 nihilne
472 2997 607 3062 interest
618 3006 725 3060 utrum
737 2995 871 3080 populus
880 2995 1044 3060 Romanus
1055 3017 1128 3058 eum
1137 2994 1188 3058 cui
1200 2995 1275 3061 velit
1284 2994 1414 3072 deierat,

214 3113 255 3155 an
266 3092 294 3156 is
307 3092 509 3177 impudenter
522 3094 638 3178 populo
654 3094 796 3158 Romano
810 3115 868 3178 per
882 3093 961 3178 legis
976 3091 1119 3156 fraudem
1133 3092 1345 3176 surripiatur?

258 3189 400 3256 XVlll.
425 3191 632 3257 Intellexistis
655 3198 735 3276 quot
756 3183 809 3254 res
834 3197 869 3254 et
892 3197 1028 3275 quantes
1050 3189 1218 3254 decemviri
1237 3189 1318 3274 legis
1343 3210 1414 3273 per·

214 3403 322 3452 between
339 3405 414 3463 them,
425 3406 483 3468 they
498 3407 644 3469 voluntarlly
660 3406 708 3455 laid
725 3405 797 3454 dorm
827 3406 924 3469 openly,
946 3404 993 3454 and
1012 3403 1060 3454 bad
1083 3407 1126 3465 κοῦ
1142 3419 1157 3452 a
1174 3396 1414 3454 senatusconsultum

214 3469 277 3516 their
286 3469 381 3517 offioo.’'
413 3471 472 3520 'lhis
484 3487 531 3520 iras
541 3473 584 3520 the
594 3487 650 3536 year
666 3471 694 3518 of
702 3471 796 3520 Cotta'a
828 3471 905 3521 which
915 3486 975 3534 gave
986 3470 1052 3520 them
1063 3467 1212 3530 authority.'’

215 3534 263 3581 and
272 3534 416 3595 Torquatna'
428 3537 574 3598 consulship.
860 3537 992 3596 legationes
1003 3532 1104 3594 literar]
1126 3531 1171 3580 See
1189 3531 1348 3579 Indum—‘in
1365 3531 1413 3577 levi

159 3643 163 3657 ,
246 3601 383 3658 requietis
400 3599 443 3660 iis]
461 3600 514 3646 The
536 3600 634 3660 reading
651 3600 714 3655 ‘An
735 3599 795 3651 Qui·
829 3599 954 3661 penonar’
983 3598 1053 3647 uben
1072 3598 1114 3644 the
1131 3597 1253 3644 character
1274 3595 1350 3642 which
1373 3596 1415 3642 ibe

214 3661 281 3716 rites,
300 3660 334 3716 ii‚'
358 3662 379 3708 ia
400 3662 443 3708 the
464 3665 595 3710 correction
617 3664 644 3710 oi
664 3664 797 3710 Manutius.
830 3679 886 3710 man
898 3663 1000 3710 austrina
1011 3663 1032 3708 is
1044 3662 1141 3722 trilling.
1154 3667 1194 3720 yet
1205 3660 1236 3706 be
1250 3665 1302 3719 geta
1313 3661 1413 3719 import·

215 3725 297 3771 Baiter
313 3724 357 3770 bas
374 3729 421 3770 ‘an
439 3727 480 3786 qui
496 3727 584 3780 etesiis,
604 3725 663 3787 qui‚'
683 3733 736 3780 oie,
755 3727 798 3772 the
829 3741 888 3774 anne
905 3727 1006 3773 because
1023 3725 1053 3770 he
1073 3725 1116 3768 bas
1134 3723 1175 3768 the
1191 3724 1313 3782 authority
1330 3722 1358 3767 ol'
1372 3721 1414 3767 the

214 3788 346 3835 correction
357 3787 544 3844 oiGnlielrnius,
555 3790 633 3836 which
643 3790 733 3836 Gruter
740 3789 798 3836 calla
830 3791 905 3837 State.
940 3793 985 3836 See
1004 3789 1049 3834 Pro
1069 3785 1178 3840 Caelina,
1199 3801 1220 3832 o.
1235 3788 1264 3842 ῦς
1283 3784 1329 3830 and
1342 3790 1412 3844 ‘per-

215 3849 345 3906 ‘illustria’
357 3851 405 3897 and
423 3852 537 3898 Graevius
553 3853 610 3898 calla
628 3853 738 3907 ‘eodm’
750 3853 798 3898 and
830 3867 914 3899 aonam
929 3850 1006 3898 bano'
1026 3851 1052 3896 in
1069 3850 1111 3896 the
1128 3855 1187 3894 next
1204 3848 1303 3908 chapter
1320 3846 1349 3893 ol
1365 3847 1414 3894 thia

214 3931 262 3976 any
282 3915 344 3976 body
362 3930 417 3976 may
434 3915 480 3963 mil
499 3915 635 3972 ‘absurda'
645 3917 664 3962 ii
681 3917 713 3962 be
729 3916 797 3963 likea.
830 3917 930 3963 oration.

215 3979 304 4033 Baiter.
317 3979 370 4026 who
386 3979 454 4026 osten
471 3979 548 4027 shoira
558 3980 620 4026 little
634 3979 798 4040 judgmentin
862 3993 943 4026 omaer
956 3981 1044 4032 imur,
1057 3975 1113 4037 bia]
1133 3975 1170 4035 By
1187 3973 1229 4022 tha
1246 3972 1322 4033 lagos
1340 3971 1413 4020 Gabi·

215 4044 274 4090 auch
285 4051 392 4099 matters,
403 4044 536 4104 aceeptait‚
553 4043 601 4088 and
617 4049 703 4104 quotes
714 4045 797 4091 Cicero
829 4043 884 4090 uiae
898 4041 946 4090 and
966 4041 1087 4088 Maniliae.
1122 4039 1167 4084 See
1186 4037 1227 4084 the
1247 4035 1413 4084 Introduction

215 4108 266 4168 (De
273 4107 330 4154 Nat.
342 4107 417 4154 Deor.
428 4108 476 4165 iit
491 4107 564 4168 ian:
582 4112 598 4134 ‘¹
607 4113 691 4154 ventor
702 4107 797 4162 etesiae
829 4111 856 4154 to
866 4105 909 4153 the
920 4105 1012 4154 oration
1026 4105 1062 4152 De
1074 4102 1177 4164 Imperio
1190 4101 1235 4148 Cn.
1247 4100 1364 4161 Pompeii.

214 4171 464 4232 quornmllatunimii
474 4177 637 4232 temperantur
647 4171 750 4226 calorea3
766 4170 797 4218 ab
862 4171 941 4218 labori
953 4165 1159 4232 etaeyoiiossaa]
1186 4165 1245 4212 'l'hia
1260 4179 1336 4211 seems
1354 4165 1412 4210 irre-

213 4235 299 4282 iiadem
308 4238 379 4282 etiam
392 4236 504 4282 maritimi
515 4249 599 4282 cursus
609 4236 697 4282 celerea
704 4242 729 4281 et
740 4235 798 4282 certi
830 4235 913 4295 gulata
931 4233 969 4280 lor
979 4234 1000 4280 ii
1013 4233 1033 4280 it
1048 4233 1067 4278 ie
1078 4247 1093 4282 a
1103 4230 1268 4277 coritinuation
1279 4227 1307 4273 ol
1316 4233 1322 4254 ⁴
1331 4227 1413 4275 Simile

213 4299 374 4359 diriguntur.''
393 4299 442 4348 But
453 4300 502 4346 this
512 4314 596 4360 proves
606 4299 707 4358 nothing
713 4305 799 4359 except
830 4297 904 4352 carol
917 4301 970 4353 tio,
980 4311 1014 4343 we
1022 4295 1107 4344 should
1115 4295 1176 4341 have
1185 4299 1222 4340 ‘et
1232 4291 1349 4354 praedae,'
1359 4297 1412 4350 iiia,

209 4363 268 4411 ⁴thot
278 4364 368 4412 etesian
383 4363 459 4410 vinds
468 4379 509 4410 are
519 4364 581 4424 good
592 4364 629 4410 ior
643 4364 685 4410 the
696 4364 799 4410 manner
830 4361 876 4409 bnt
886 4363 940 4408 that
950 4361 1027 4408 would
1040 4361 1070 4407 be
1080 4357 1205 4414 coniused;
1218 4356 1265 4406 and
1277 4356 1318 4402 the
1329 4355 1413 4403 conlu-

214 4427 286 4474 vbile
297 4428 354 4489 they
366 4428 435 4485 blow,
450 4428 472 4474 ii
486 4428 517 4474 be
534 4429 554 4474 is
571 4429 645 4489 going
655 4428 712 4474 with
720 4427 797 4474 them.
830 4427 883 4472 aion
899 4426 919 4472 is
935 4424 1034 4474 avoided
1051 4423 1083 4485 by
1094 4423 1229 4484 separating
1246 4421 1277 4482 by
1292 4419 1352 4468 'an’
1371 4420 1413 4466 the

215 4490 331 4539 Graevim
340 4492 449 4553 explains
465 4493 486 4539 it
501 4492 602 4553 simply:
620 4492 714 4539 “while
729 4491 799 4538 those
830 4491 912 4551 things
923 4489 1000 4538 which
1019 4503 1059 4536 are
1073 4487 1228 4549 opposed—¹
1237 4485 1388 4548 impudenter
1396 4481 1412 4530 ι’

213 4569 255 4602 are
264 4557 332 4617 quiet
341 4557 397 4606 who
407 4556 521 4618 formerly
531 4571 594 4604 nere
603 4556 677 4617 going
685 4562 710 4606 to
717 4555 799 4617 Egypt
811 4553 1011 4680 f¹imprndente,'
1023 4551 1185 4610 mindun,
1196 4549 1284 4598 Baiter.
