3517 5325
708 489 809 557 OAP.
832 494 949 558 9-11.
1375 492 1415 551 25

218 657 342 739 deinde,
363 681 404 724 ex
424 658 530 725 edicto
543 666 578 725 te
593 660 755 746 possidere
775 684 838 727 non
859 660 1022 746 potuisse:
1046 667 1217 746 postremo,
1233 681 1297 723 non
1311 680 1419 744 posse-

219 758 313 821 disse.
360 756 495 836 Quaeso,
517 758 553 821 0.
579 757 708 842 Aquilli,
725 779 852 843 vosque,
876 757 931 842 qui
956 758 1035 822 estis
1058 757 1090 819 in
1115 757 1254 831 consilio,
1281 762 1319 819 ut
1344 755 1420 838 quid

217 854 379 941 pollicitus
393 854 451 917 sim
473 854 640 940 diligenter
663 856 832 919 memoriae
851 854 1018 919 mandetis,
1064 854 1195 918 Etenim
1209 876 1277 917 rem
1298 852 1420 915 facilius

218 960 321 1015 totam
344 950 518 1035 accipietis,
543 952 570 1014 si
595 951 673 1015 haec
697 952 926 1024 memineritis;
950 960 985 1016 et
1003 972 1055 1014 me
1074 951 1165 1014 facile
1187 957 1293 1014 vestra
1312 948 1421 1013 existi-

218 1048 358 1111 matione
384 1046 583 1123 revocabitis,
606 1048 634 1111 si
656 1056 749 1111 extra
772 1049 831 1113 hos
857 1048 1011 1112 cancellos
1034 1048 1142 1131 egredi
1167 1046 1316 1121 conabor,
1341 1065 1421 1130 quos

218 1144 294 1207 mihi
309 1144 377 1228 ipse
392 1142 595 1207 circumdedi.
641 1142 733 1229 Nego
753 1144 851 1209 luisse
872 1166 1018 1208 caussam
1041 1166 1098 1207 cur
1116 1143 1313 1229 postularet:
1337 1163 1420 1226 nego

218 1262 259 1305 ex
284 1240 388 1303 edicto
412 1240 574 1324 possidere
597 1240 759 1325 potuisse:
783 1262 867 1327 nego
889 1241 1079 1327 possedisse.
1124 1240 1217 1303 Haec
1238 1238 1303 1303 tria
1323 1260 1421 1324 quum

219 1337 365 1415 docuero,
376 1338 544 1421 perorabo.

263 1432 330 1498 ΧΙ.
363 1432 437 1496 Νοιι
466 1432 527 1497 luit
556 1454 669 1497 caussa
706 1455 763 1497 cur
794 1433 984 1519 postulares.
1030 1432 1092 1513 Qui
1117 1431 1178 1497 hoc
1207 1430 1340 1517 intelligi
1364 1454 1420 1516 po·

218 1533 307 1595 testi
354 1529 436 1609 Quia
460 1529 535 1593 Sex.
553 1528 677 1593 Naevio
701 1552 802 1615 neque
829 1553 870 1595 ex
893 1530 1058 1594 societatis
1079 1530 1212 1605 ratione,
1233 1549 1335 1613 neque
1357 1527 1420 1612 pri-

219 1627 318 1691 vatim
334 1626 505 1711 quidquam
526 1626 635 1689 debuit
652 1627 811 1707 Quintius.
857 1627 936 1708 Quis
955 1627 1028 1689 huic
1043 1626 1089 1689 rei
1104 1626 1198 1689 testis
1212 1627 1283 1689 esti
1329 1624 1420 1688 Idem

219 1724 273 1809 qui
287 1723 459 1787 acerrimus
473 1723 679 1787 adversarius.
728 1722 766 1785 In
782 1724 840 1787 hac
856 1746 892 1787 re
906 1731 950 1801 te,
960 1730 1004 1800 te,
1020 1723 1158 1807 inquam,
1169 1731 1296 1799 testem,
1308 1720 1417 1797 Naevi,

219 1820 335 1885 citabo.
380 1820 510 1882 Annum
524 1830 558 1883 et
573 1840 610 1883 eo
626 1818 745 1883 diutius
758 1826 833 1904 post
847 1826 982 1883 mortem
998 1817 1035 1882 0.
1052 1818 1174 1899 Quintil
1192 1818 1254 1882 suit
1268 1818 1300 1881 in
1316 1816 1420 1881 Gallia

218 1925 327 1982 tecum
342 1916 435 1979 simul
451 1915 609 1995 Quintius.
654 1914 744 1979 Doce
770 1924 803 1979 te
818 1915 949 2000 petiisse
973 1916 1015 1978 ab
1029 1936 1067 1978 eo
1086 1914 1182 1978 istam
1199 1915 1307 1978 nescio
1322 1938 1420 2000 quam

218 2012 476 2077 innumerabilem
485 2012 648 2097 pecuniam
661 2038 670 2085 ς
695 2012 774 2075 doce
785 2012 954 2097 aliquando
962 2012 1156 2076 mentionem
1163 2010 1285 2089 iecisse,
1299 2011 1418 2076 dixisse

220 2109 348 2175 deberi:
374 2108 520 2172 debuisse
542 2108 725 2171 concedam.
772 2108 913 2173 Moritur
942 2108 978 2172 0.
1011 2108 1167 2188 Quintius,
1197 2108 1251 2193 qui
1280 2108 1349 2185 tibi,
1379 2116 1418 2171 ut
1470 2173 1504 2193 v„

218 2208 275 2285 ais,
301 2207 395 2271 certis
420 2206 598 2269 nominibus
623 2204 776 2289 grandem
800 2204 966 2289 pecuniam
989 2205 1109 2269 debuit.
1154 2204 1259 2269 Heres
1284 2207 1355 2289 ejus
1377 2204 1417 2269 P.

221 2303 370 2385 Quintius
393 2302 426 2365 in
442 2302 576 2365 Galliam
601 2302 642 2364 ad
662 2308 695 2365 te
716 2301 819 2385 ipsum
834 2301 921 2365 venit
944 2301 978 2363 in
1000 2323 1113 2386 agrum
1135 2322 1353 2376 communem,
1378 2324 1417 2365 eo

220 2400 362 2484 denique,
378 2398 432 2462 uhi
447 2420 510 2462 non
524 2398 618 2462 modo
633 2420 684 2461 res
703 2406 782 2474 erat,
798 2398 854 2461 sed
871 2397 954 2461 ratio
978 2419 1104 2483 quoque
1127 2399 1229 2461 omnis
1250 2406 1285 2462 et
1308 2420 1418 2461 omnes

218 2496 354 2559 litterae.
400 2495 479 2577 Quis
507 2502 575 2559 tam
604 2494 776 2557 dissolutus
801 2492 834 2557 in
863 2515 898 2556 re
926 2492 1072 2557 familiari
1100 2493 1222 2572 fuisset,
1251 2494 1322 2579 quis
1350 2502 1419 2557 tarn

218 2592 391 2679 negligens,
408 2592 478 2677 quis
498 2600 565 2654 tam
588 2590 646 2668 tui,
668 2590 775 2664 Sexte,
797 2589 967 2667 dissimilis,
983 2590 1047 2675 qui,
1063 2612 1162 2674 quum
1176 2610 1227 2654 res
1240 2592 1281 2654 ab
1297 2613 1335 2654 eo
1350 2592 1418 2676 qui-

220 2712 292 2755 cum
311 2689 524 2754 contraxisset
542 2686 727 2751 recessisset
746 2693 780 2749 et
802 2686 843 2749 ad
863 2687 1012 2750 heredem
1032 2688 1235 2772 pervenisset,
1251 2710 1315 2752 non
1329 2688 1418 2752 here-

219 2788 291 2851 dem
306 2808 402 2871 quum
417 2785 552 2869 primum
566 2783 698 2847 vidisset
720 2783 889 2846 certiorem
907 2783 1035 2861 faceret,
1056 2784 1239 2869 appellaret,
1262 2786 1419 2850 rationem

218 2884 357 2961 afferret,
381 2881 409 2944 si
432 2881 508 2966 quid
533 2880 566 2943 in
589 2879 837 2944 controversiam
856 2878 988 2957 veniret,
1014 2888 1072 2945 aut
1097 2881 1182 2946 intra
1202 2883 1341 2966 parietes
1361 2898 1419 2948 aut

253 3075 444 3138 existimatione]
480 3075 535 3136 ‘By
549 3089 610 3137 your
626 3073 754 3132 character,
771 3073 804 3136 by
836 3073 949 3121 ‘incertia
973 3073 1126 3123 nominibua’
1154 3090 1236 3124 meaua
1259 3092 1347 3140 money
1367 3079 1420 3126 lent

219 3141 262 3190 the
272 3141 391 3189 influeuee
405 3139 460 3186 that
473 3155 534 3200 your
548 3140 669 3186 charamcr
684 3137 744 3186 has!
779 3137 804 3185 lt
835 3139 938 3186 without
947 3153 995 3201 any
1010 3143 1079 3201 euhy
1092 3139 1164 3200 being
1177 3141 1247 3188 made
1263 3142 1291 3189 oi
1304 3142 1348 3190 the
1363 3159 1420 3204 par-

220 3206 364 3253 ishereuot
380 3205 422 3251 the
437 3203 536 3266 opinion
552 3203 607 3250 that
622 3218 637 3250 a
653 3217 708 3250 man
724 3201 807 3250 hasoi
835 3202 941 3250 ticulum.
983 3203 1015 3250 ln
1038 3204 1133 3251 Horace
1154 3203 1212 3266 (Ep.
1230 3205 1255 3252 ii.
1276 3207 1299 3253 1.
1316 3222 1339 3254 v.
1361 3207 1419 3268 105)

221 3270 310 3326 ethera
322 3268 367 3316 but
375 3269 417 3315 the
423 3269 522 3329 opinion
532 3267 586 3314 that
593 3267 675 3314 others
685 3267 746 3314 have
757 3266 784 3312 oi
790 3281 804 3314 a
837 3269 852 3294 ¹⁶
861 3266 952 3314 Cautes
967 3267 1107 3314 nominibus
1116 3268 1188 3314 rectis
1202 3269 1337 3331 expendere
1347 3287 1419 3318 num-

220 3348 284 3380 man.
318 3332 401 3380 Cicero
413 3331 471 3394 (Pro
491 3331 582 3387 Flacco,
595 3345 615 3376 c.
628 3329 671 3394 22)
684 3329 802 3377 describes
834 3330 914 3386 moa,”
926 3330 1028 3378 'remia'
1047 3346 1125 3379 meme
1140 3337 1166 3379 to
1180 3331 1211 3380 be
1226 3334 1268 3380 the
1279 3333 1334 3382 beet
1344 3335 1418 3382 MSS.

220 3411 235 3444 a
245 3412 301 3444 man
312 3411 339 3443 es
350 3397 418 3443 ‘sine
428 3395 527 3453 honore,
537 3396 587 3442 aine
598 3395 773 3442 existimatione
783 3393 800 3450 ;’
834 3395 932 3456 reading
944 3395 1101 3458 (Macleane'a
1114 3395 1235 3458 Horaoe);
1250 3397 1295 3444 but
1317 3399 1419 3446 ‘certia'

220 3462 268 3508 and
285 3461 331 3507 Pro
346 3460 453 3516 Quintio,
473 3475 494 3506 c.
515 3462 552 3516 ln,
571 3459 644 3505 ‘dum
658 3458 802 3505 existimatio
834 3458 860 3504 in
879 3459 923 3506 the
944 3473 1014 3507 aenae
1032 3459 1061 3506 oi
1077 3459 1163 3508 ‘aare'
1182 3461 1263 3508 would
1278 3460 1310 3508 be
1328 3467 1421 3510 correct

221 3531 258 3572 eat
274 3523 384 3584 integra!
418 3523 448 3570 ln
459 3522 508 3570 laet
527 3521 700 3570 'existimatio'
721 3521 767 3568 had
788 3537 803 3568 a
834 3521 894 3570 aleo.

220 3588 282 3649 legal
293 3588 458 3649 signification.
493 3586 517 3633 lt
532 3587 553 3634 is
569 3587 663 3634 defined
678 3585 747 3696 31113.
762 3588 802 3634 to.
868 3586 975 3648 literae]
1009 3585 1104 3634 Allthe
1118 3587 1225 3648 writiuga
1239 3589 1420 3638 mdweonnta.

223 3653 262 3700 13.
285 3655 312 3710 b)
331 3652 402 3698 thus:
427 3651 597 3698 “existimatio
619 3655 656 3697 eat
694 3649 803 3711 ignitatis
836 3649 946 3697 SeeVol.
959 3649 981 3697 1.
992 3651 1061 3698 Verr.
1072 3651 1162 3698 itae.
1177 3653 1214 3698 16.

221 3713 616 3763 humescunt-‘ennemase
636 3713 740 3761 ‘limita'
758 3713 803 3760 See
869 3715 966 3774 quirem
985 3715 1159 3776 contrarierat]
1200 3715 1253 3762 The
1271 3716 1330 3762 verb
1348 3720 1420 3762 ‘oon-

221 3778 276 3826 Vol.
290 3779 311 3825 1.
323 3779 391 3825 Verr.
403 3779 428 3825 ii.
439 3780 463 3826 ³.
476 3793 497 3826 c.
509 3781 549 3827 aa.
835 3775 947 3833 trahere,’
958 3777 1036 3824 which
1044 3778 1203 3825 containathe
1211 3779 1295 3825 uotion
1304 3779 1332 3826 oi
1339 3779 1420 3838 bring·

257 3844 295 3890 11.
313 3843 544 3904 cartianomiaitua]
581 3841 691 3889 SeeVol.
704 3839 726 3888 1.
737 3841 806 3886 Varr.
839 3840 882 3900 ing
895 3841 1014 3900 together,
1033 3842 1054 3888 ia
1072 3841 1114 3888 the
1128 3843 1205 3900 origin
1223 3841 1308 3888 nithe
1325 3841 1422 3888 Romm

221 3905 247 3953 ii.
269 3907 290 3952 1.
309 3921 330 3952 c.
342 3907 382 3953 38.
401 3906 494 3954 ‘Certis
508 3903 662 3953 nominibua'
675 3919 756 3951 means
775 3918 807 3950 on
840 3903 905 3949 word
932 3902 1100 3960 ‘contactus’
1121 3919 1149 3950 aa
1169 3904 1265 3965 already
1286 3905 1421 3964 explained.

222 3969 320 4025 certain,
331 3970 385 4016 well
395 3969 549 4025 ascertained,
565 3969 637 4016 heada
652 3969 681 4016 oi
697 3971 806 4016 account.
839 3967 892 4014 The
910 3965 1004 4012 Roman
1015 3967 1089 4013 torma
1100 3967 1127 4012 oi
1137 3967 1275 4026 expression
1285 3981 1326 4013 are
1345 3966 1422 4012 ‘obii-

223 4030 807 4094 ⁴Nomen,'sayaPasseratiuaoorrectly,ia'‘quid-
840 4029 948 4091 gationee
959 4028 1149 4084 wutrahunturss
1168 4029 1304 4090 ‘emptioet
1315 4030 1421 4076 venditio

222 4097 278 4159 quid
290 4097 315 4143 in
327 4097 421 4144 tabulae
432 4095 524 4157 accepti
540 4100 565 4142 et
581 4097 679 4157 expensi
695 4095 804 4150 Memor,
837 4091 978 4148 wau-acta'
989 4092 1072 4140 andao
1082 4107 1115 4138 on
1132 4089 1218 4155 (Gaius
1231 4092 1265 4138 iii.
1283 4093 1337 4149 1³⁶,
1355 4093 1421 4154 lan).

222 4163 328 4208 certoiaa
347 4161 446 4208 articles
462 4161 496 4206 du
513 4157 608 4206 eoate.''
650 4159 733 4206 Cicero
752 4171 806 4219 says
838 4157 889 4204 But
906 4159 1071 4203 ‘contractus'
1087 4156 1131 4202 hae
1147 4170 1163 4202 a
1180 4155 1297 4202 mahuiael
1310 4157 1423 4216 meaning

223 4223 303 4286 (Verr.
315 4225 340 4270 ii.
349 4226 373 4272 3.
383 4239 404 4270 c.
413 4221 472 4284 t8):
491 4225 506 4249 “
516 4223 617 4268 exomni
626 4223 725 4282 pecunia
733 4237 806 4283 quam
838 4221 863 4268 in
882 4221 976 4267 Roman
992 4221 1045 4277 law,
1063 4219 1111 4266 and
1128 4233 1210 4265 meana
1228 4235 1260 4266 au
1276 4230 1421 4280 agreement,

222 4288 356 4335 aratoribus
370 4288 461 4335 solvere
476 4286 579 4333 debuisti
588 4286 658 4333 certia
669 4285 806 4331 nominibus
838 4285 916 4331 which
927 4284 1021 4330 isnota
1030 4298 1094 4330 mera
1103 4280 1423 4343 ‘pactum,'butiafounded

222 4351 376 4399 deductiones
385 4351 436 4398 fieri
443 4349 577 4398 solebant.”
604 4349 684 4396 lnthe
693 4349 806 4395 Senatus·
839 4363 871 4394 on
882 4363 898 4394 a
912 4347 1024 4395 ‘oeuaaa’
1039 4346 1086 4393 and
1101 4346 1217 4406 produces
1230 4361 1245 4393 a
1262 4347 1422 4394 ‘civssisobli·

222 4416 325 4462 consult
344 4413 546 4462 Macedonianum
563 4411 630 4475 (Dig.
651 4414 687 4461 14.
701 4413 725 4459 d.
747 4411 771 4474 1)
787 4411 807 4458 it
838 4409 1230 4472 gatio,'thatia,arightoiaction.
1259 4411 1423 4459 ‘Societaa'or

222 4479 244 4526 is
254 4479 313 4536 said,
328 4482 344 4507 ‘⁸
354 4479 395 4540 qui
404 4479 532 4554 pecuniam
544 4493 577 4524 ne
587 4475 645 4538 quid
656 4475 760 4562 amplius
770 4474 806 4520 di·
839 4475 989 4552 partnerahip
1001 4489 1048 4552 praa
1058 4489 1105 4522 one
1115 4473 1144 4521 oi
1151 4475 1219 4522 these
1227 4479 1234 4503 ⁸
1241 4475 1394 4524 contractus!

222 4547 316 4592 emetur
325 4543 423 4591 incarus
436 4541 574 4591 nomrmbua
585 4539 716 4600 natumst
729 4539 808 4587 where
872 4542 940 4586 cntra
945 4539 1067 4602 peractae]
1093 4539 1234 4602 ‘l’auvatcly¹
1241 4546 1267 4591 at
1274 4538 1363 4598 home,'
1370 4539 1424 4587 that
